3242 5159
320 446 388 546 eoo
720 479 867 535 Caecilii
884 477 1049 548 cypriani

320 633 396 699 tatis
410 634 571 699 uinculum
585 634 774 718 copularent
789 635 844 700 sed
859 635 1005 718 quoniam
1021 635 1163 701 diuersae
1179 636 1279 718 partis
1295 636 1460 701 obstinata

322 739 355 802 et
368 735 547 804 inflexibilis
566 737 737 821 pertinacia
756 757 818 803 non
837 739 962 803 tautum
977 737 1090 803 radicis
1106 739 1138 803 et
1152 739 1262 803 matris
1277 737 1383 804 sinum
1399 739 1461 804 ad·

322 859 382 923 que
396 841 579 924 conplexum
592 841 760 920 recusauit,
777 841 831 906 sed
847 841 943 906 111111
959 841 1111 926 gliscente
1122 843 1155 906 et
1165 841 1198 906 iu
1209 842 1297 925 psius
1309 841 1459 908 recrude-

320 945 426 1010 scente
438 943 593 1010 discordia
606 943 786 1030 episcopum
801 943 863 1009 sibi
878 945 1043 1010 constituit
1057 947 1090 1010 et
1101 951 1206 1010 contra
1220 947 1458 1010 sacramentum

320 1048 417 1113 semel
438 1048 591 1113 traditum
613 1047 740 1113 diuinae
761 1047 973 1130 dispositionis
996 1051 1028 1113 st
1050 1049 1219 1114 catholicae
1240 1049 1373 1114 unitatis
1396 1047 1482 1112 ad-s

204 1205 207 1210 .
321 1152 460 1218 ultorum
471 1151 504 1214 et
512 1151 701 1216 onumen
712 1152 807 1233 caput
818 1151 1079 1216 extraecclesiam
1087 1151 1173 1238 fecit,
1189 1152 1323 1234 acceptis
1335 1151 1456 1216 litteris

321 1257 389 1320 tarn
409 1253 473 1319 tuis
493 1273 587 1338 quam
602 1253 792 1338 collegarum
808 1255 994 1335 nostrorum,
1015 1255 1094 1320 item
1108 1255 1350 1320 aduenientibus
1363 1253 1456 1320 bonis

322 1358 401 1423 uiris
423 1359 455 1423 et
475 1357 565 1423 nobis
591 1357 761 1423 carissimis
783 1357 913 1443 collegis
935 1358 1050 1422 nestris
1070 1357 1219 1439 Pompeio
1241 1359 1274 1422 et
1289 1356 1454 1441 Stephano,

322 1461 466 1545 aquibus
476 1461 667 1526 haecomnia
681 1461 770 1526 uobis
786 1479 858 1526 curn
872 1457 996 1526 laetitia
1011 1461 1168 1526 communi
1184 1461 1366 1526 adseuerate
1380 1461 1457 1526 sunt

323 1565 455 1632 firmiter
470 1567 502 1631 et
515 1565 655 1648 probata,
675 1564 846 1630 secundum
866 1564 949 1647 quod
970 1564 1095 1630 diuinae
1115 1565 1294 1630 traditionis
1309 1566 1342 1630 et
1355 1565 1496 1630 eccle-1⁰

325 1669 469 1735 siastioae
481 1667 690 1734 institutionis
700 1667 851 1733 sanctitas
861 1667 977 1750 pariter
988 1687 1024 1734 ac
1035 1668 1152 1734 ueritas
1163 1668 1317 1752 erigebat,
1330 1669 1457 1734 litteras

323 1773 447 1837 nestas
469 1772 510 1836 ad
531 1773 563 1836 te
586 1771 765 1836 direximus.
792 1770 847 1836 sed
870 1773 902 1836 st
923 1789 979 1854 per
1000 1772 1196 1855 prouinciam
1218 1773 1357 1837 nostram
1380 1773 1458 1837 baec

326 1873 435 1940 eadem
461 1875 590 1958 collegis
616 1875 751 1959 singulis
769 1874 803 1939 in
823 1875 970 1942 notitiam
993 1875 1181 1958 perferentes
1202 1875 1241 1940 ab
1259 1875 1309 1940 his
1334 1892 1458 1958 quoque

326 1977 440 2044 fratres
455 1997 527 2043 eum
542 1977 659 2043 litteris
674 1977 858 2063 redigendos
873 1997 940 2044 esse
953 1979 1181 2045 mandarimus.

295 2092 316 2154 a
368 2080 565 2164 Quamquam
588 2101 676 2148 mons
695 2082 802 2148 nostra
817 2083 849 2148 st
863 2083 1060 2164 propositum
1078 2083 1143 2148 iam
1165 2084 1241 2148 tunc
1257 2081 1408 2148 fratribus
1424 2084 1491 2150 eta

324 2185 409 2268 plebi
428 2184 503 2250 istic
520 2186 683 2251 uniuersae
697 2185 935 2252 manifestatum
948 2185 1069 2263 fuisset,
1093 2185 1214 2268 quando
1228 2185 1342 2250 litteris
1357 2204 1457 2268 nuper

325 2289 364 2355 ab
385 2290 516 2370 utraque
538 2289 626 2372 parte
647 2289 798 2370 susceptis
821 2291 891 2354 tuas
914 2289 1039 2355 litteras
1063 2289 1201 2373 legimus
1216 2290 1249 2353 et
1262 2288 1456 2372 episcopatus

324 2391 375 2458 tui
385 2392 610 2458 ordinationem
625 2390 822 2477 singulorum
836 2391 964 2457 auribus
979 2391 1205 2458 iutimauimus.
1221 2391 1344 2458 honoris
1358 2392 1458 2458 etiarn

325 2496 500 2562 eommunis
533 2513 685 2560 memores
717 2495 750 2559 et
777 2494 945 2579 grauitatis
979 2495 1179 2561 sacerdotalis
1212 2513 1248 2560 ac
1278 2495 1458 2560 sanctitatis

326 2600 501 2684 respectum
514 2601 654 2664 mncntes
665 2617 702 2663 ea
712 2617 790 2682 quae
800 2617 838 2664 er
848 2598 970 2664 diuerso
984 2597 1018 2662 in
1030 2599 1147 2664 librum
1161 2600 1292 2664 missum
1307 2597 1455 2682 congesta
1463 2622 1491 2662 so

326 2701 450 2768 fuerant
460 2702 708 2768 acerbationibus
718 2702 891 2768 criminosis
903 2702 1086 2785 respuimus,
1101 2699 1327 2766 considerantes
1338 2701 1456 2782 pariter

326 2806 358 2870 et
371 2805 574 2890 ponderantes
596 2806 678 2888 quod
690 2805 723 2870 in
737 2806 824 2870 taum
845 2803 979 2870 fratrum
993 2804 1198 2890 religiosoque
1212 2804 1365 2870 conuentu
1380 2820 1454 2867 con-

327 2907 501 2973 sidentibus
523 2909 583 2974 Dsi
608 2907 819 2974 sacerdotibus
845 2909 877 2973 et
902 2906 994 2974 altari
1019 2909 1120 2990 posito
1144 2909 1177 2974 et
1201 2908 1265 2992 lagi
1287 2907 1397 2972 debeat
1420 2909 1456 2972 et

381 3114 515 3168 luincnlo
528 3113 585 3169 L'o
653 3113 789 3183 copularet
800 3113 832 3167 F
902 3111 1147 3181 VinfeleribilisQ
1221 3110 1423 3180 erecunbicg

329 3201 487 3270 gliscentem
503 3199 571 3268 (ΡΘ,
585 3202 718 3254 crescente
730 3197 761 3252 F
827 3201 855 3253 et
866 3197 896 3252 in
907 3198 995 3268 peius]
1007 3197 1037 3251 in
1048 3197 1124 3267 peius
1136 3201 1165 3251 et
1177 3198 1210 3262 L,
1224 3199 1253 3252 in
1265 3197 1341 3266 peius
1353 3201 1384 3252 ut
1395 3197 1420 3251 P

329 3286 500 3340 crudescente
511 3285 541 3340 P
628 3285 840 3354 depiscoporum
856 3283 918 3354 (Ἤρ
1003 3283 1240 3352 bdispeusationis
1255 3284 1278 3339 0
1363 3283 1457 3353 lteris]

329 3372 414 3427 uisR
498 3371 764 3427 buiriscoutrisG
848 3370 976 3441 etom.Q
1062 3369 1219 3440 carissimis]
1232 3371 1390 3426 remissisG

329 3459 435 3514 stefano
447 3459 477 3514 F
553 3459 659 3514 9nobis
671 3473 721 3512 om.
739 3457 780 3512 Va
857 3457 975 3527 laetitia]
988 3457 1105 3510 tristitia
1121 3456 1208 3511 Oraba
1291 3459 1423 3510 assertae

330 3547 367 3600 10
376 3545 499 3616 probata]
512 3545 609 3615 quibus
621 3544 738 3614 cognitis
749 3543 815 3598 odd.
834 3543 859 3597 V
944 3545 972 3597 et
984 3559 1033 3596 om.
1046 3543 1080 3606 F,
1095 3545 1122 3596 et
1134 3541 1168 3595 ad
1184 3541 1207 3598 0
1299 3543 1331 3596 11
1344 3557 1375 3595 ac
1386 3541 1457 3610 pari·

329 3633 409 3704 terQ
506 3634 539 3686 12
550 3648 597 3702 per
609 3647 657 3685 ora
673 3631 701 3685 P
798 3629 832 3683 13
844 3629 953 3683 caudam
967 3627 1000 3692 R.
1013 3629 1102 3683 omnia
1119 3613 1164 3684 0⁰
1235 3627 1346 3698 collegis
1358 3627 1458 3681 nostris

330 3717 397 3789 Ν
409 3719 519 3785 (uestris
530 3734 581 3773 ora·
594 3717 677 3787 W)
746 3717 848 3769 notiam
859 3716 898 3770 Β*
969 3715 1002 3769 14
1013 3713 1171 3784 redigendos
1181 3713 1326 3784 FLPQV,
1340 3701 1458 3784 dirigen-

330 3803 378 3858 dos
389 3803 442 3869 Ro,
453 3803 599 3874 dirigendis
610 3803 636 3890 ρ
703 3803 736 3857 15
748 3803 866 3856 obmm
878 3805 906 3855 et
918 3817 966 3856 ona
978 3801 1008 3855 F
1074 3801 1106 3856 16
1116 3801 1197 3854 istinc
1206 3799 1268 3869 FQ,
1279 3801 1387 3854 iaticum
1398 3799 1426 3853 P

332 3891 365 3944 11
377 3891 546 3960 episcopatus
556 3889 608 3960 tui]
621 3889 777 3944 sanctitatis
789 3891 854 3943 tuae
870 3889 896 3942 V
993 3889 1028 3942 19
1038 3887 1189 3956 grauitates
1203 3887 1234 3956 Q,
1252 3887 1360 3956 gratiae
1374 3885 1425 3941 OB

331 3976 509 4030 sacerdotales
523 3975 546 4046 Q
635 3975 796 4030 muctitatcs
810 3975 841 4044 Q,
854 3973 1010 4028 sanctitatis
1022 3975 1086 4026 tuae
1102 3974 1128 4027 V
1216 3973 1251 4026 20
1262 3975 1385 4042 respectu
1396 3971 1429 4026 F

331 4062 400 4131 erle
415 4059 468 4116 Os.
482 4059 498 4114 1
603 4061 725 4131 missum]
742 4059 776 4114 ad
788 4075 837 4114 nes
849 4059 1038 4114 transmissum
1050 4075 1081 4126 c,·
1100 4059 1165 4126 fort.
1179 4057 1390 4130 easmandare

330 4149 366 4202 21
378 4147 556 4201 acerbationis
570 4147 605 4203 0¹
672 4145 848 4216 respieuimus
860 4146 887 4201 R
968 4145 1071 4215 pariter
1082 4147 1109 4198 et
1121 4145 1295 4226 ponderantes
1308 4161 1358 4199 ora
1376 4143 1429 4200 GR

331 4235 367 4288 22
378 4234 443 4304 quid
453 4233 518 4300 fort.
596 4233 720 4302 fratrum]
734 4247 845 4287 numero
857 4231 921 4286 odd.
934 4249 952 4286 o
1028 4231 1153 4300 regioque
1165 4230 1193 4285 R
1261 4229 1463 4285 considentibus

333 4335 369 4376 ea
379 4319 607 4375 considerantibus
619 4319 644 4375 0
714 4355 718 4363 ·
743 4319 778 4373 23
790 4320 818 4372 et
829 4318 895 4388 legi]
908 4317 1017 4387 neglegi
1029 4317 1059 4381 0,
1071 4331 1120 4371 ncc
1130 4316 1187 4386 legi
1199 4316 1244 4372 Ro
1346 4314 1464 4370 debeant

304 4418 306 4422 '
337 4407 403 4463 GRc
471 4409 500 4460 et
510 4405 602 4460 audire
616 4405 647 4474 Q,
659 4404 749 4458 audiri
761 4404 795 4472 P,
807 4421 856 4458 nec
869 4403 960 4458 audire
977 4405 1018 4468 0¹,
1031 4419 1078 4457 nec
1090 4401 1179 4457 audiri
1195 4401 1274 4458 G'Rv
