3242 5159
517 530 695 600 Epistulae
712 529 791 586 LXI.
810 546 833 584 c.
849 532 928 584 2-4.
1219 535 1285 600 697

155 687 298 771 episcopo
313 686 484 772 presbyteri
509 685 692 752 sacerdotali
713 687 828 753 honore
848 687 1016 766 coniuncti,
1039 687 1108 770 quis
1129 688 1285 753 adunatus

156 791 191 856 et
212 809 304 856 uerus
328 789 443 856 Christi
465 789 597 871 populus
619 790 766 855 dominici
788 790 894 874 gregis
915 791 1045 856 caritate
1066 809 1206 870 conexus,
1231 791 1285 874 qui

156 896 259 959 essent
283 911 359 986 quos
381 892 526 958 inimicus
547 894 723 973 lacesseret,
750 894 803 976 qui
832 896 938 959 contra
958 894 1070 976 quibus
1091 894 1232 959 diabolum
1248 897 1285 960 ut

158 997 224 1062 suis
238 997 384 1078 parceret.
405 1014 503 1079 neque
521 997 604 1061 enim
619 997 814 1079 persequitur
828 997 860 1060 et
874 997 1027 1080 inpugnat
1041 995 1158 1062 caraci
1173 995 1284 1062 adueri

10 1099 21 1140 '··
135 1100 257 1165 asarias
272 1100 333 1164 nisi
348 1102 449 1165 castra
463 1100 495 1164 et
516 1100 634 1164 milites
659 1099 783 1164 Christi.
805 1100 976 1166 haereticos
996 1103 1165 1183 prostratos
1189 1101 1285 1166 semel

10 1219 12 1228 ’
160 1203 191 1267 et
216 1220 287 1268 suos
308 1202 405 1267 factos
428 1204 598 1296 contemnit
620 1205 651 1268 et
671 1203 830 1286 praeterit.
851 1222 902 1268 eos
924 1205 1044 1286 quaerit
1066 1204 1186 1270 deicere
1209 1221 1285 1287 quos

159 1306 248 1372 rudet
262 1308 353 1372 stare.

201 1409 312 1492 Adque
331 1410 454 1478 utinam
468 1429 550 1475 nunc
565 1408 698 1475 facultas
713 1410 849 1490 daretur,
875 1410 973 1476 frater
993 1411 1162 1490 carissime,
1184 1412 1221 1475 ut
1235 1410 1315 1476 inl

10 1531 16 1566 ι
62 1530 64 1539 ’
159 1514 273 1578 teresse
287 1513 355 1577 illic
370 1513 458 1578 uobis
473 1513 719 1598 regredientibus
730 1532 890 1596 possemus
902 1515 956 1598 qui
967 1533 1022 1580 uos
1034 1516 1144 1579 mutua
1155 1514 1285 1579 caritate

10 1609 17 1668 ἶ
121 1646 149 1686 ιο
158 1617 331 1700 diligimus,
358 1619 394 1681 ut
420 1617 571 1681 aduentus
597 1617 694 1682 nestri
715 1617 925 1684 laetissimum
945 1617 1082 1683 fructum
1108 1619 1285 1699 praesentes

10 1731 14 1742 ’
158 1739 229 1784 cum
249 1719 358 1785 aeteus
373 1720 433 1802 ipsi
454 1737 573 1803 quoqne
594 1739 780 1803 caperemus.
806 1740 883 1803 quae
898 1721 965 1785 illic
980 1721 1130 1785 exmtatio
1145 1720 1285 1784 omnium

157 1821 299 1902 fratrum,
316 1824 370 1905 qui
379 1841 541 1889 concursus
550 1823 650 1906 adque
659 1824 823 1906 conplexus
832 1825 1059 1889 occurrentium
1067 1802 1285 1908 singulorirm?

10 1981 12 1984 .
158 1927 212 1991 uir
226 1927 340 1993 osculis
354 1929 590 1994 adhaerentium
605 1929 708 2012 potest
723 1927 878 2007 satisfieri,
900 1929 953 1996 uix
972 1929 1081 1992 nultus
1100 1927 1162 2009 ipsi
1185 1927 1285 2009 adque

10 2049 12 2054 ’
126 2109 130 2114 .
159 2029 241 2094 oculi
254 2030 354 2113 plebis
369 2032 498 2115 possunt
518 2031 652 2097 cudendo
674 2031 782 2096 satiari
807 2031 845 2096 ‹le
867 2032 1020 2096 aduentus
1042 2031 1140 2096 uestn
1160 2029 1283 2114 gaudio.

10 2153 12 2198 ὲ
123 2151 338 2218 recognoscere
358 2135 427 2200 illic
447 2134 628 2200 fraternitas
650 2135 750 2217 coepit
773 2134 874 2215 qualis
896 2136 927 2199 et
948 2134 1063 2216 quauta
1083 2133 1127 2198 sit
1141 2135 1287 2198 secutura

158 2235 281 2302 Christo
292 2237 435 2303 ueniente
446 2238 583 2303 laetitia:
596 2238 683 2303 cuius
694 2239 767 2319 quie
779 2237 840 2302 cito
852 2235 1112 2320 adpropinquauit
1123 2235 1285 2314 classim,

157 2341 260 2426 imago
281 2341 345 2405 iam
365 2341 516 2423 quaedam
537 2342 706 2423 praecessit
727 2342 760 2406 in
784 2341 884 2417 uobis,
907 2342 942 2405 ut
962 2340 1113 2422 quomodo
1134 2339 1286 2405 lohannes

158 2463 336 2527 praecursor
350 2445 416 2510 eius
432 2445 463 2510 et
477 2445 621 2527 praeuius
636 2445 762 2510 ueniens
778 2443 970 2528 praedicauit
982 2442 1139 2509 Christum
1154 2443 1285 2521 uenisse,

159 2548 206 2646 sic
220 2568 300 2614 nunc
315 2549 455 2631 episcopo
470 2549 640 2614 confessore
655 2548 783 2614 Domini
799 2549 831 2614 et
846 2548 1002 2613 sacerdote
1023 2546 1172 2611 redeunte
1191 2565 1285 2628 appa·

10 2685 12 2694 „
122 2653 228 2718 areat
242 2654 274 2718 et
288 2652 457 2717 Dominum
471 2651 535 2716 iam
549 2651 658 2716 redire.
680 2651 815 2716 nicerias
830 2669 902 2715 uero
917 2668 973 2732 pro
987 2649 1076 2716 nobis
1091 2668 1149 2734 ego
1171 2649 1202 2713 et
1222 2649 1287 2714 col·

159 2755 246 2839 lagae
262 2757 293 2819 et
307 2754 484 2820 fraternitas
505 2754 605 2820 omnis
625 2754 682 2820 has
703 2754 742 2820 au
768 2772 824 2818 nos
850 2753 974 2818 litteras
997 2752 1165 2830 mittimus,
1190 2751 1288 2816 frater

10 2927 11 2934 ,
161 2859 327 2936 canssime,
350 2859 381 2922 et
403 2858 665 2940 repraesentantes
687 2857 776 2923 uobis
797 2877 852 2941 per
874 2856 1041 2938 epistulam
1061 2855 1212 2940 gaudium
1231 2873 1289 2920 no-

10 3017 11 3020 ,
115 3035 117 3040 ,
160 2963 265 3026 strum
280 2961 342 3027 fida
356 2961 503 3044 obsequia
524 2961 666 3027 caritatis
689 2961 907 3043 expromimus,
927 2959 980 3024 hic
1000 2977 1119 3042 quoque
1139 2959 1171 3023 in
1192 2959 1287 3024 sacri·

162 3065 242 3131 ficiis
265 3065 364 3147 adque
386 3065 418 3129 in
441 3065 632 3132 orationibus
653 3064 768 3130 nostris
790 3081 852 3130 non
874 3065 1027 3129 cessantes
1048 3063 1113 3126 Deo
1142 3063 1223 3145 patri
1253 3063 1286 3126 et

125 3169 286 3236 aaOlrristo
308 3168 372 3233 filio
395 3169 460 3234 eius
482 3169 615 3233 Domino
638 3171 741 3233 nostro
764 3167 883 3252 gratias
905 3185 995 3250 agere
1018 3168 1050 3232 et
1071 3183 1157 3231 orare
1170 3166 1287 3247 pariter

160 3293 197 3340 ac
224 3274 328 3356 petere
357 3275 393 3338 ut
423 3273 477 3356 qui
505 3271 661 3356 perfectus
692 3273 740 3337 est
767 3271 867 3353 arcique
896 3271 1056 3352 perficiens
1079 3268 1235 3334 cuswdiat
1257 3276 1288 3334 et

212 3513 227 3565 1
240 3512 370 3582 episcopis
383 3511 444 3574 PT,
461 3493 519 3579 ep?
521 3512 556 3565 M
567 3491 639 3578 (epo
641 3510 673 3580 Q)
828 3512 857 3562 et
869 3509 1019 3578 presbyteri
1031 3508 1094 3562 MT
1103 3511 1143 3575 (et
1154 3522 1204 3561 om.
1221 3506 1253 3576 Q)

158 3597 207 3666 qui
220 3596 247 3650 L
379 3596 532 3650 3inimicos
544 3596 571 3649 L
697 3585 835 3648 lacesserit
850 3594 880 3664 Q,
893 3595 1036 3648 lacesseret
1047 3596 1076 3646 et
1094 3592 1119 3646 V
1241 3591 1289 3660 qui

160 3699 211 3738 om.
228 3683 280 3753 ΟΥ
346 3685 467 3736 econtra
479 3682 507 3737 P
575 3681 735 3750 quibusdam
751 3684 776 3737 Τ
849 3681 1009 3736 lehristum
1027 3678 1051 3748 Q
1119 3677 1289 3732 aduersarius

160 3785 186 3824 n.
199 3785 220 3823 c
234 3785 257 3823 e.
271 3785 304 3822 nr.
319 3769 414 3822 christi
426 3767 489 3822 odd.
505 3768 652 3822 Luctator
661 3785 749 3839 marc.
845 3767 1052 3822 aduersarioaP
1148 3765 1288 3835 tetanos]

162 3859 190 3910 et
202 3856 273 3926 ipsos
286 3859 313 3909 et
325 3853 541 3925 auos'Riqaitius
678 3856 696 3910 8
707 3855 789 3909 frater
806 3871 857 3909 orn.
869 3855 907 3908 M
916 3856 986 3922 (eafa
1003 3854 1038 3924 Q)
1177 3855 1289 3908 iuteres-

158 3958 216 3996 sern
229 3941 256 3997 L
340 3943 357 3996 9
368 3957 474 4011 possem
485 3941 520 4006 P,
532 3941 596 3995 huic
607 3957 712 4010 possem
724 3941 752 3995 L
832 3941 866 3995 13
877 3940 975 3994 osculis
988 3941 1049 4006 LP,
1061 3941 1146 3995 oculis
1159 3940 1256 4012 Fore

158 4015 378 4082 adhaeriuntiurn
391 4027 421 4082 F
510 4029 601 4096 potest
613 4027 691 4097 satis]
705 4028 849 4096 potestatis
862 4028 890 4081 P
980 4027 1039 4095 ipae
1050 4027 1079 4081 P
1173 4028 1208 4081 14
1219 4026 1290 4081 oculi

161 4117 242 4183 atque
255 4115 282 4169 L
397 4113 481 4170 uestri
493 4129 542 4167 om.
561 4115 594 4168 T·
722 4114 755 4168 15
766 4113 903 4182 secutura]
916 4129 1008 4167 secura
1019 4113 1051 4168 F
1197 4113 1230 4167 16
1242 4112 1289 4166 ad·

162 4201 353 4271 propinquabit
366 4203 409 4256 Pu
517 4199 551 4254 18
562 4198 671 4254 trebius
684 4199 718 4264 F,
732 4198 842 4253 breuius
854 4199 934 4264 PL¹,
946 4199 1073 4253 braenius
1088 4199 1111 4271 Q
1214 4200 1249 4254 20
1260 4203 1290 4252 et

161 4302 212 4342 om.
228 4289 254 4342 Τ
354 4285 469 4342 uicarios
481 4286 509 4341 P
611 4285 668 4355 pro]
681 4301 760 4354 porro
772 4285 799 4339 L
907 4285 942 4340 22
954 4288 1044 4340 eterra
1058 4286 1201 4355 111⁸(ch
1218 4284 1255 4355 Q)

161 4375 344 4443 presentantes
357 4373 394 4427 M
403 4375 527 4443 (repraes.
542 4372 576 4443 Q)
688 4371 913 4426 accusatius*
1012 4372 1048 4426 25
1059 4375 1151 4427 nostm
1162 4389 1212 4427 om.
1228 4372 1255 4426 L

160 4461 195 4515 26
207 4460 246 4530 ct]
259 4463 340 4530 atque
354 4462 381 4516 L
