3242 5159
508 540 551 590 llo
570 555 668 607 opero
687 541 719 591 et
736 539 959 608 eleemosynis
979 559 998 593 c.
1021 542 1129 594 lo-le'.
1315 545 1377 608 38?

253 694 309 756 ris
332 713 407 757 non
430 693 600 759 deficiet
622 696 661 759 ot
683 713 864 777 capsaces
887 697 962 761 olei
991 714 1063 760 non
1084 698 1238 761 minuat
1261 717 1378 780 usque

253 797 294 862 in
316 797 418 863 diem
440 816 513 880 quo
537 797 649 862 dabit
670 799 858 863 Dominus
888 799 1055 864 imbrem
1082 817 1195 882 super
1223 802 1377 864 terram.

253 901 423 966 secundum
438 900 562 966 diumae
576 900 810 984 pollicitationis
827 901 919 966 fidem
935 903 1146 984 multiplicata
1169 905 1241 967 sunt
1264 904 1378 969 uiduae

254 1007 286 1070 et
301 1005 460 1069 cumulata
474 1024 552 1086 quae
577 1005 735 1086 praestit't
762 1007 794 1069 ot
819 1005 962 1087 operibus
989 1006 1080 1070 iustis
1101 1025 1136 1071 ac
1152 1005 1379 1071 misericordiae

219 1121 230 1156 ι’)
255 1108 375 1173 meritis
402 1110 571 1192 augmenta
596 1111 627 1173 et
652 1109 841 1174 incrementa
867 1109 1061 1174 sumentibus
1077 1109 1167 1174 farris
1184 1111 1215 1174 et
1230 1110 1289 1174 olei
1306 1129 1380 1175 uasa

255 1212 396 1294 conpleta
421 1213 502 1276 sunt.
524 1231 580 1276 nec
605 1211 680 1276 filiis
706 1211 838 1276 abstulit
862 1215 962 1277 mater
977 1213 1058 1293 quod
1073 1212 1183 1276 Heliae
1199 1212 1302 1279 dedit.
1326 1213 1379 1276 sed

255 1315 355 1398 magis
370 1314 503 1379 contulit
516 1313 591 1378 liliis
606 1314 832 1399 qnodbenigne
857 1319 889 1380 et
915 1316 965 1397 pie
990 1315 1072 1379 fecit.
1104 1316 1135 1378 et
1160 1315 1217 1378 illa
1243 1317 1377 1380 nondum

254 1417 414 1482 Christum
429 1419 561 1494 sciebat,
584 1417 721 1482 nondum
747 1419 909 1501 praccepta
935 1419 1001 1482 cius
1027 1418 1180 1488 audierat,
1205 1435 1264 1482 non
1291 1437 1380 1483 cruce

254 1523 286 1586 et
301 1523 442 1604 passione
456 1522 523 1585 eius
539 1521 699 1602 redempta
714 1521 820 1587 cibum
836 1525 867 1587 et
883 1523 991 1603 potum
1007 1539 1060 1602 pro
1072 1522 1221 1606 sanguine
1232 1522 1381 1605 repende·

218 1627 322 1701 sobet,
346 1626 383 1689 ut
397 1644 434 1690 ex
448 1625 506 1688 hoc
526 1627 671 1707 appareat
693 1626 844 1706 quantum
872 1625 903 1688 in
930 1625 1058 1689 ecclesia
1080 1627 1185 1706 peccet
1212 1626 1264 1707 qui
1291 1643 1323 1689 se
1350 1627 1381 1688 et

254 1728 337 1792 filios
359 1727 481 1793 Christo
505 1729 691 1809 anteponens
713 1728 842 1792 diuitias
865 1747 935 1791 suas
958 1729 1062 1792 seruat
1083 1747 1137 1793 nec
1160 1729 1381 1810 patrimonium

254 1830 411 1911 copiosum
426 1851 499 1895 cum
514 1831 722 1916 indigentium
738 1833 920 1914 paupertate
936 1831 1152 1896 communicat.

298 1931 359 1997 Sed
374 1933 456 1998 enim
470 1934 565 1999 multi
580 1936 653 1999 sunt
667 1936 701 1999 in
715 1935 806 2000 domo
821 1935 912 1999 liberi
929 1937 960 1999 et
975 1936 1113 2000 retardat
1128 1939 1159 1999 te
1175 1916 1380 2002 numerositas
1398 1933 1433 1994 18

253 2034 390 2100 filiorum
405 2038 570 2118 quominus
585 2038 714 2121 largiter
726 2038 815 2102 bonis
827 2037 971 2119 operibus
986 2039 1122 2103 insistas.
1140 2039 1234 2120 adqui
1246 2040 1303 2103 hoo
1313 2041 1380 2121 ipso

219 2162 243 2198 n
253 2139 372 2221 operari
387 2138 523 2220 amplius
538 2138 647 2215 debes,
663 2155 724 2219 quo
739 2139 912 2202 multorum
928 2138 1093 2221 pignorum
1108 2141 1196 2219 prater
1211 2157 1252 2202 es.
1275 2140 1380 2221 plures

253 2244 326 2306 sunt
350 2261 406 2324 pro
432 2241 545 2323 quibus
571 2241 740 2305 Dominum
766 2241 951 2322 depreceris,
976 2241 1146 2304 multorum
1169 2241 1283 2306 delicta
1297 2244 1381 2306 redi-

252 2345 464 2422 mendasunt,
499 2343 671 2409 multorum
686 2344 863 2427 purgandae
879 2343 1096 2421 conscientiae,
1120 2345 1290 2408 multorum
1314 2347 1381 2409 arri-

252 2465 320 2510 mae
336 2446 521 2512 liberandae.
544 2448 581 2510 nt
602 2446 636 2510 in
657 2446 715 2511 hac
737 2448 805 2511 uita
827 2445 977 2511 saeculari
993 2447 1111 2510 alendis
1134 2447 1382 2529 sustinendisque

252 2550 433 2634 pignoribus
448 2569 509 2633 quo
523 2550 623 2614 maior
637 2553 685 2614 est
699 2568 846 2614 numerus
861 2549 918 2613 hoc
932 2549 1031 2614 maior
1046 2551 1078 2614 et
1093 2551 1236 2630 sumptus
1251 2551 1315 2628 est,
1336 2551 1383 2615 ita

219 2656 285 2720 eet
310 2655 343 2721 in
368 2655 435 2719 nita
458 2653 594 2735 spiritali
609 2653 709 2735 adque
735 2653 862 2718 caelesti
885 2670 945 2734 qno
961 2652 1093 2733 amplior
1108 2651 1203 2716 fuerit
1218 2653 1382 2737 pignorum

252 2757 341 2841 copia
355 2777 421 2822 esse
436 2758 469 2822 et
483 2775 611 2838 operum
627 2755 720 2821 debet
735 2756 835 2821 maior
848 2757 984 2837 inpensa.
1009 2756 1054 2819 sic
1080 2755 1135 2819 Iob
1160 2755 1309 2820 sacrificia
1324 2777 1383 2820 nu-

251 2879 371 2925 merosa
386 2877 441 2943 pro
456 2858 563 2923 liberis
579 2857 752 2936 obterebat,
770 2860 965 2941 quantusque
982 2859 1047 2922 erat
1062 2861 1094 2922 in
1109 2857 1200 2921 domo
1217 2859 1383 2942 pignorum

249 2981 396 3027 numems
413 2963 523 3028 tantus
538 2961 672 3027 dabatur
686 2964 752 3028 Deo
767 2965 799 3028 et
815 2982 962 3028 numerus
977 2963 1161 3028 hostiarum.
1185 2967 1217 3027 et
1233 2961 1380 3044 quoniam

251 3065 364 3132 cotidie
379 3067 483 3131 domoc
504 3085 565 3131 non
588 3067 690 3148 potest
704 3065 786 3149 quod
800 3068 945 3149 peccetur
959 3067 992 3131 in
1009 3068 1174 3148 conspectu
1188 3065 1263 3144 Dei,
1287 3066 1383 3130 sacri-

214 3195 240 3234 a
249 3168 320 3234 ficia
332 3168 488 3234 cotidiana
512 3190 574 3236 non
600 3171 729 3235 deerant
744 3170 858 3252 quibus
874 3170 999 3252 possent
1014 3172 1141 3252 peccata
1155 3169 1248 3253 tergi.
1272 3169 1384 3252 probat

248 3271 403 3357 scriptura
432 3272 557 3338 dicens:
597 3273 666 3337 Iob
705 3273 817 3337 bomo
857 3291 972 3337 uerus
1006 3274 1042 3336 et
1078 3273 1210 3338 iustus
1243 3272 1384 3336 habuit

248 3374 361 3439 filios
383 3376 535 3459 septem
557 3379 594 3442 ot
615 3376 729 3442 filias
751 3379 832 3440 tres
855 3379 892 3440 et
914 3376 1150 3441 emundabat
1172 3377 1266 3440 illos
1289 3374 1383 3439 olle-

249 3498 337 3543 rens
360 3497 427 3560 pro
460 3479 517 3544 eis
551 3480 704 3545 hostias
726 3481 807 3545 Doo
831 3479 1044 3544 secundum
1066 3499 1270 3543 numerum
1293 3478 1384 3542 illo-

250 3601 336 3646 rum
358 3585 396 3647 et
418 3601 483 3665 pro
505 3585 687 3666 peccatis
721 3601 855 3648 eorum
888 3583 1062 3647 uitulum
1094 3602 1219 3646 unum.
1259 3582 1283 3643 si
1310 3601 1383 3662 orgo

351 3770 386 3823 26
403 3769 452 3824 Iob
464 3773 489 3835 1,
501 3773 526 3824 2.
539 3773 563 3824 3.
577 3773 601 3825 5.

303 3925 433 3980 ldeicict
447 3927 485 3980 0¹
549 3928 577 3979 ct
588 3941 711 3994 capsaces
724 3926 777 3979 olei
793 3926 871 3988 WG,
891 3941 938 3977 nec
951 3926 978 3976 iu
994 3941 1041 3976 uas
1053 3925 1142 3977 oleum
1155 3924 1184 3976 F
1246 3923 1383 3977 minuetur

251 4013 294 4065 Gn
363 4011 528 4066 bfarriisG
597 4011 737 4065 doheliee
751 4012 788 4065 θ’
859 4012 893 4063 11
911 4011 974 4064 ante
986 4025 1150 4079 praeponens
1163 4009 1193 4063 F
1249 4010 1283 4063 14
1300 4010 1382 4079 adqui

255 4097 341 4162 WF¹,
360 4099 454 4167 atquin
465 4098 515 4162 Ρ,
534 4100 615 4166 atquo
629 4098 655 4151 G
720 4103 784 4166 post
801 4097 859 4166 ipso
878 4111 987 4150 crasson
998 4095 1157 4166 largiter-ia
1171 4095 1208 4150 W
1276 4097 1310 4150 15
1327 4113 1384 4150 am-

250 4184 535 4253 plinslplnrimuml'
601 4185 663 4254 qno]
677 4183 746 4252 quod
757 4184 853 4237 malim
921 4181 1063 4252 pignorum
1077 4183 1102 4235 (l
1181 4181 1216 4238 18
1235 4183 1383 4237 saecularia

255 4269 304 4324 W¹
358 4270 568 4339 smtentendieq.
583 4271 609 4324 G
669 4271 703 4324 19
720 4270 780 4338 boc]
794 4269 865 4323 eoG
934 4268 1080 4323 catomo
1148 4269 1182 4323 21
1201 4272 1290 4324 etom.
1306 4271 1331 4322 G

252 4356 359 4410 sicetc
410 4357 445 4411 25
462 4360 574 4426 possum
591 4356 787 4426 G‚possiutF
841 4355 1122 4423 corporeamque.
1137 4355 1153 4408 l.
1167 4373 1188 4408 c.
1209 4355 1255 4410 W.
1272 4361 1312 4412 10.
1326 4363 1382 4420 254,

251 4443 352 4509 tergeri
365 4444 445 4497 Wov
496 4445 531 4497 26
549 4443 682 4512 scriptura
694 4443 789 4496 diuina
802 4462 816 4496 r

1117 4530 1181 4591 ’.Ψ
