3242 5159
493 539 670 609 Epistulae
687 538 807 594 LXXV.
827 556 848 594 c.
867 540 943 594 3-6.
1214 542 1279 607 813

27 717 39 759 ετ
156 700 271 781 scripta
292 700 396 763 uestra
417 696 639 778 rescripsimus.
663 695 837 779 etquidem
853 697 1005 779 quantum
1021 697 1060 762 ad
1075 697 1107 762 id
1122 698 1277 779 pertineat

27 822 34 863 r
153 802 234 885 quod
249 800 422 883 Stephanus
444 799 532 877 dixit,
553 800 641 881 quasi
662 799 793 882 apostoli
816 816 868 864 eos
890 800 944 882 qui
959 799 998 864 ab
1014 799 1132 864 haeresi
1147 800 1277 866 ueniunt

152 904 302 988 baptizari
322 903 536 986 prohibuerint
551 902 655 968 etheo
676 902 913 967 custodiendum
933 904 1064 986 posteris
1079 903 1276 982 tradiderint,

27 1034 35 1075 ⁶.
151 1008 330 1091 plenissime
352 1025 407 1072 uos
427 1004 630 1088 respondistis
650 1003 804 1070 neminem
827 1005 895 1068 tam
915 1005 1048 1070 stultum
1070 1024 1137 1070 esse
1151 1007 1206 1087 qui
1220 1007 1279 1070 hoc

27 1138 37 1181 ·;
131 1112 256 1177 ocredat
275 1110 429 1193 apostolos
451 1108 624 1186 tradidisse,
646 1108 767 1190 quando
787 1108 885 1172 etiam
906 1108 988 1189 ipsas
1002 1108 1143 1173 haereses
1158 1110 1277 1174 constet

151 1213 337 1281 execrabiles
352 1232 387 1277 ac
402 1211 597 1277 detestandas
617 1211 724 1293 postea
744 1211 900 1277 extitisse:
923 1230 994 1277 cum
1009 1214 1040 1276 et
1054 1211 1193 1277 Marcion
1208 1210 1279 1277 Cor·

27 1350 29 1391 r
152 1318 240 1383 donis
262 1314 432 1400 discipulus
452 1314 630 1380 inueniatur
651 1331 717 1378 sero
737 1314 808 1395 post
829 1314 984 1395 apostolos
999 1316 1115 1397 etpost
1130 1314 1224 1399 longa
1239 1315 1290 1395 ab,

27 1456 34 1497 ς
152 1418 197 1485 eis
221 1421 361 1501 tempora
387 1417 570 1501 sacrilegem
596 1417 745 1483 aduersus
760 1417 862 1481 Deum
885 1416 1086 1482 traditionem
1109 1418 1278 1498 induxisse,

26 1564 28 1603 r
152 1520 299 1605 Appelles
314 1538 433 1603 quoque
448 1518 658 1603 blasphemiae
673 1518 739 1583 eius
755 1520 947 1585 consentiens
962 1520 1064 1585 multa
1078 1520 1142 1586 alia
1155 1540 1237 1587 noua
1247 1504 1281 1585 et

120 1648 146 1686 ro
155 1624 299 1709 grauiora
319 1623 391 1688 lidei
412 1640 448 1688 ac
468 1622 595 1687 ueritati
615 1622 743 1687 inimica
763 1621 929 1687 addiderit.
950 1624 1003 1687 sed
1024 1626 1056 1688 et
1071 1622 1232 1689 Valentini
1248 1625 1281 1688 et

26 1772 31 1815 3
152 1726 301 1793 Basilidis
323 1728 446 1808 tempus
466 1724 667 1791 manifestum
686 1725 745 1803 est,
766 1726 849 1807 quod
864 1725 896 1790 et
910 1725 971 1807 ipsi
991 1726 1062 1808 post
1076 1727 1232 1808 apostolos
1246 1730 1279 1792 et

27 1878 32 1919 :
154 1832 224 1913 post
238 1830 364 1913 longam
379 1830 515 1894 aetatem
530 1829 678 1894 aduersrm
693 1828 857 1894 ecclesiam
868 1829 927 1893 Dei
939 1830 1097 1895 sceleratis
1109 1832 1280 1897 mendaciis

26 1980 31 2007 Γ
154 1934 219 1999 suis
240 1932 465 1999 rebellauerint.
488 1932 604 1997 ceteros
624 1948 744 2013 quoque
758 1931 930 1997 haereticos
944 1934 1066 1998 coosmt
1080 1952 1192 2016 prauas
1207 1954 1281 1999 suas

26 2088 30 2131 :
154 2038 254 2103 sectas
269 2038 301 2101 et
315 2036 507 2101 inuentiones
528 2052 698 2117 peruersas,
719 2035 813 2119 prout
833 2035 963 2118 quisque
977 2055 1078 2102 errore
1094 2038 1206 2101 ductus
1220 2040 1279 2115 est,

26 2194 29 2207 .
120 2164 145 2204 rs
154 2142 261 2225 postea
276 2138 448 2203 induxisse:
464 2156 541 2220 quos
558 2154 663 2203 omnes
677 2138 878 2203 manifestum
893 2141 1084 2203 estasomet
1098 2140 1176 2221 ipsis
1191 2139 1280 2204 darn-

26 2226 28 2321 ζ
155 2244 244 2308 natos
265 2260 330 2307 esse
345 2244 463 2307 etanta
483 2242 567 2307 diem
587 2241 695 2306 iudicii
711 2241 951 2307 inexcusabilem
965 2243 1153 2309 sententiam
1168 2242 1280 2308 aduer-

26 2332 29 2339 ’
155 2365 225 2411 sum
246 2346 343 2411 semet
364 2346 446 2427 ipsos
469 2344 590 2410 dixisse.
615 2362 745 2427 quorum
768 2344 925 2427 baptisma
940 2346 992 2426 qui
1008 2345 1178 2425 confirmat,
1204 2345 1281 2428 quid

25 2506 27 2521 .
155 2450 241 2515 aliud
263 2468 355 2531 quam
378 2466 449 2512 cnm
470 2448 546 2529 ipsis
561 2465 594 2511 se
609 2446 768 2511 adiudicat
783 2448 815 2511 ct
829 2466 863 2511 se
877 2447 943 2530 ipse
958 2448 1140 2531 participem
1161 2448 1279 2513 tahbus

25 2612 27 2639 ,
156 2552 294 2617 faciendo
310 2552 513 2616 condemnat?

122 2676 148 2717 ro
200 2656 260 2719 llos
281 2656 385 2719 autem
406 2653 459 2735 qui
473 2653 589 2719 Romam
610 2655 683 2718 sunt
697 2672 757 2719 non
772 2671 807 2718 ea
822 2653 855 2718 in
870 2654 1014 2719 omnibus
1028 2654 1190 2721 obseruare
1204 2657 1313 2735 quaec

156 2757 220 2823 sint
235 2757 273 2822 ab
289 2757 408 2840 origine
427 2756 544 2821 tradita
559 2758 590 2821 et
605 2755 722 2822 frustra
736 2757 946 2838 apostolorum
962 2757 1179 2823 auctoritatem
1193 2776 1281 2839 prae-

157 2860 282 2926 tendere
303 2860 381 2925 scire
396 2859 465 2942 quis
480 2859 575 2925 etiam
589 2860 661 2925 inde
676 2860 788 2943 potest,
811 2860 989 2942 quodcirca
1003 2860 1201 2925 celebrandos
1215 2859 1281 2924 dies

158 2964 295 3029 Paschae
316 2965 348 3028 ct
363 2962 445 3027 circa
463 2962 563 3027 multa
584 2963 647 3027 alia
668 2962 792 3028 diuinae
812 2963 858 3027 rei
880 2966 1071 3028 sacramenta
1090 2963 1197 3029 uideat
1217 2981 1282 3028 esse
1364 2993 1369 3001 ·

159 3068 241 3152 apud
253 3068 325 3133 illos
337 3068 455 3150 aliquas
467 3067 663 3132 diuersitates
673 3084 730 3133 nec
742 3067 898 3131 obseruari
913 3067 981 3132 illic
995 3067 1099 3133 omnia
1112 3068 1283 3150 aequaliter

123 3190 236 3254 requae
250 3170 474 3254 Hierosolymis
495 3170 706 3249 obseruantur,
729 3170 897 3236 secundum
918 3170 999 3253 quod
1020 3172 1053 3237 in
1074 3172 1183 3237 ceteris
1205 3189 1281 3254 quo·

157 3294 216 3357 que
238 3274 383 3357 plurimis
405 3274 573 3355 prouinciis
594 3274 696 3339 multa
715 3291 770 3357 pro
791 3274 929 3339 locorum
950 3276 982 3339 ot
996 3274 1157 3339 hominum
1178 3276 1282 3340 diuer-

157 3378 250 3442 sitate
274 3378 442 3455 uariantur,
467 3396 524 3442 uec
545 3378 650 3441 tamen
670 3377 794 3460 propter
817 3376 875 3441 hoc
889 3377 928 3440 ab
944 3378 1089 3443 ecclesiae
1112 3378 1282 3443 catholicae

158 3498 232 3563 pace
247 3482 339 3562 atque
352 3480 472 3545 unitate
487 3480 651 3562 aliquande
667 3480 837 3545 discessum
852 3482 909 3545 est.
925 3481 1006 3562 quod
1018 3500 1100 3546 nunc
1111 3479 1281 3562 Stephanus

159 3602 252 3649 ausus
278 3584 326 3647 est
350 3581 451 3647 facere
475 3600 620 3665 rumpens
647 3584 796 3649 aduersus
822 3600 878 3648 uos
899 3602 1016 3665 pacem,
1043 3602 1137 3666 quam
1159 3602 1283 3664 semper

125 3712 151 3752 ao
160 3688 364 3752 antecessores
385 3686 450 3750 eius
466 3684 626 3750 uobiscum
642 3688 793 3751 amoreet
807 3686 921 3750 honore
936 3688 1046 3750 mutuo
1061 3686 1281 3767 custodierunt,

161 3789 261 3853 adhuc
275 3789 371 3853 etiam
385 3788 538 3853 infamans
554 3788 683 3853 Petrum
699 3790 731 3853 et
745 3788 881 3853 Paulum
896 3788 1002 3853 beatos
1017 3788 1180 3870 apostolos,
1195 3788 1284 3870 qnasi

212 4025 409 4094 3prohibuerit
421 4026 500 4081 Em
509 4024 708 4097 (prohibuerint
723 4026 757 4095 Q)
827 4025 974 4081 tradiderit
985 4026 1033 4090 Ε’,
1047 4026 1215 4081 tradiderunt
1229 4026 1252 4095 Q

161 4112 391 4181 tresponditisQ
475 4112 563 4181 dipsa
575 4110 714 4183 heresisQ
798 4111 997 4181 8sacrilega0
1076 4111 1252 4182 9apellee1o

162 4196 196 4250 14
207 4200 248 4251 est
261 4197 441 4269 EIQ²,tQ¹,
456 4198 533 4253 etM
673 4198 706 4252 15
718 4196 919 4267 semetipsosE
1054 4197 1087 4251 16
1099 4197 1252 4252 ιιᾰιιοηιιευ

161 4284 195 4335 al
208 4284 407 4355 auctoritateQ
534 4284 712 4339 idciroaom.
726 4284 757 4338 E
882 4284 917 4338 25
928 4283 1112 4340 hierusolimis
1124 4285 1186 4353 EQ.
1200 4284 1286 4337 ihero-

163 4368 265 4423 solimis
279 4372 299 4424 I
397 4371 432 4426 26
445 4370 581 4425 homiuum
594 4372 663 4425 coni.
676 4370 824 4439 Betucius,
835 4370 974 4424 nominum
984 4369 1074 4439 EIQo
1176 4370 1210 4423 28
1222 4385 1287 4437 pace

164 4454 323 4525 capaschae
336 4458 370 4521 E,
383 4456 535 4527 paschaeQ
636 4454 823 4511 aeaduasum
835 4455 871 4510 Iv
974 4455 1163 4525 iliamaneQ
