3242 5159
461 535 620 605 Epistula
637 532 988 594 antula-Lxxxx
1220 493 1283 599 839

163 692 326 759 fossionem
346 692 482 757 uestram
503 693 534 757 et
554 693 692 757 nostram
714 710 807 774 quam
823 691 973 755 Dominus
987 690 1021 754 iu
1035 688 1124 753 nobis
1145 687 1282 753 conferre

164 796 311 880 dignatus
337 798 385 860 est
410 795 560 876 suppleat.
588 796 689 860 saluta
715 813 820 860 omnes
841 794 894 877 qui
915 795 1019 858 tecum
1046 794 1281 857 commorantur.

163 900 306 981 optamus
330 900 372 977 te,
402 896 498 962 frater
524 900 691 976 canssime
721 899 754 963 in
780 898 914 962 Domino
939 898 1015 962 bene
1040 897 1150 961 ualere.
1180 896 1283 978 [Felix

163 1002 298 1085 scripsi]
319 1000 409 1065 Iader
428 1001 604 1084 subscripsi.
620 1000 767 1067 Polianus
782 1002 855 1085 legi.
880 1001 1048 1065 Dominum
1063 1019 1168 1064 meum
1184 1000 1284 1084 Euty·

141 1104 309 1169 schianum
324 1104 434 1169 saluto.

405 1392 773 1505 EPISTVLA
817 1392 1035 1505 LXXX.

433 1597 613 1657 CYPRva
615 1598 632 1651 S
652 1598 820 1654 SVCCESSO
838 1598 969 1652 FRATRI
987 1598 1012 1652 S.

202 1769 246 1837 Vt
261 1790 320 1836 non
336 1771 424 1836 uobis
439 1771 472 1836 in
487 1772 657 1837 continenti
672 1772 847 1854 scriberem,
863 1772 958 1837 freter
973 1772 1140 1853 carissime,
1160 1770 1217 1836 illa
1231 1789 1281 1835 res
1296 1769 1309 1830 1

159 1872 234 1939 iecit
260 1874 340 1955 quod
367 1875 504 1940 uniuersi
530 1875 632 1939 clerici
656 1876 712 1940 sub
736 1875 801 1940 ictu
825 1875 932 1957 agonIs
957 1874 1118 1940 constituti
1140 1873 1279 1939 recedere

129 2006 154 2045 ro
162 1976 255 2041 istinc
269 1978 393 2041 omniuo
407 1996 467 2042 non
482 1979 632 2059 poterant,
648 1978 749 2059 parati
764 1995 868 2043 omnes
883 1995 937 2059 pro
948 1978 1046 2043 animi
1057 1980 1106 2042 sui
1116 1978 1278 2043 deuotione

158 2078 197 2144 ad
212 2080 351 2144 diuinam
366 2082 398 2145 et
412 2080 576 2145 caelestem
591 2082 732 2165 gloriam.
759 2082 864 2146 sciatis
880 2083 986 2145 erotem
1001 2099 1051 2144 eos
1066 2082 1187 2146 uenisse
1202 2097 1278 2163 quos

159 2183 199 2247 ad
221 2182 326 2247 urbem
355 2186 478 2266 propter
504 2183 562 2249 hoc
584 2185 739 2263 miseram,
766 2187 802 2248 ut
824 2185 1106 2266 quomodocumque
1129 2184 1166 2247 de
1190 2184 1279 2249 nobis

158 2286 343 2367 rescriptum
375 2286 496 2365 fuisset,
533 2288 723 2369 exploratam
752 2287 919 2352 ueritatem
947 2288 987 2351 ad
1016 2305 1071 2352 nos
1100 2286 1278 2369 perferrent.

128 2432 133 2445 ·
158 2389 258 2454 multa
272 2389 355 2453 enim
370 2390 458 2454 uaria
473 2392 504 2454 et
519 2390 637 2455 incerta
652 2374 847 2473 opinionibus
863 2392 1063 2456 uentilantur.
1085 2409 1162 2472 quae
1177 2394 1281 2456 autem

124 2521 149 2559 rs
161 2494 233 2556 sunt
253 2492 286 2555 in
306 2509 378 2557 uero
398 2494 444 2556 ita
459 2510 490 2556 se
505 2492 629 2569 habent,
650 2493 842 2575 rescripsisse
857 2492 1058 2558 Valerianum
1078 2495 1118 2558 ad
1139 2496 1281 2559 senatum

163 2595 198 2658 ut
213 2595 345 2676 episcopi
361 2596 580 2679 etpresbyteri
596 2598 627 2660 et
642 2596 783 2661 diacones
799 2598 832 2660 in
846 2597 1015 2678 oontmenti
1030 2596 1283 2661 animaduerten-

163 2700 224 2774 tur‚
251 2699 406 2765 senatores
428 2715 499 2763 uero
521 2700 552 2763 et
573 2700 690 2783 egregii
712 2699 773 2763 uiri
794 2702 827 2764 et
847 2699 964 2781 equites
978 2700 1111 2764 Romani
1132 2699 1285 2783 dignitate

163 2802 277 2865 amissa
300 2801 395 2865 etiam
417 2801 506 2865 bonis
527 2802 698 2884 spolientur
713 2805 744 2867 et
760 2803 787 2866 si
802 2802 955 2884 ademptis
976 2803 1180 2868 facultatibus
1200 2802 1297 2878 olari·x

217 3005 232 3057 1
244 3006 361 3058 uestram
373 3007 401 3058 et
413 3020 462 3059 coa.
477 3025 494 3059 v
638 3008 665 3060 et
677 3010 794 3059 nostram
807 3023 858 3061 oon.
872 3012 904 3075 μ“
1046 3008 1064 3061 2
1076 3010 1215 3061 morantur
1228 3007 1254 3062 Β
1281 3044 1285 3053 1

164 3092 182 3145 3
195 3094 258 3162 opto
272 3092 299 3145 B
453 3092 537 3146 irater
549 3093 694 3161 carissime]
708 3080 736 3146 st
746 3094 774 3147 B
928 3094 957 3147 in
968 3093 1016 3147 deo
1028 3114 1074 3162 μν,
1087 3110 1136 3147 orn.
1151 3094 1185 3158 B,
1199 3093 1228 3146 in
1240 3092 1288 3148 cleo

166 3194 298 3248 sempera
421 3178 485 3232 felix
498 3179 592 3247 scripsi
604 3196 654 3233 om.
667 3180 818 3250 ΒΗΤβμν,
830 3180 894 3235 odd.
911 3180 996 3235 ana.
1126 3180 1230 3233 4iader
1244 3222 1249 3232 .
1261 3221 1284 3234 ..

166 3264 253 3318 saluto
267 3282 318 3319 om.
331 3264 395 3335 Ββν
532 3265 666 3334 pellianus
676 3274 698 3333 ’μ
831 3266 1019 3334 euthycianum
1031 3286 1058 3335 μ,
1071 3265 1217 3333 nthyciano
1233 3267 1259 3320 Τ

164 3350 182 3403 5
195 3349 310 3403 salutern
325 3352 354 3405 T.
367 3380 401 3390 -
413 3350 545 3420 Cypriane
557 3350 634 3405 Felix
645 3350 722 3405 Iader
734 3351 864 3412 Polianus
881 3352 992 3420 explicit
1006 3354 1037 3414 Τ,
1054 3351 1178 3420 Epistola
1190 3351 1289 3405 Felicis

166 3436 275 3505 explicit
289 3438 322 3502 B,
336 3452 385 3490 cm.
399 3438 493 3507 prv.
509 3468 542 3478 -

217 3521 303 3590 Epist.
320 3522 426 3576 LXXX.
446 3523 595 3592 -Incipit
616 3526 678 3593 (om.
691 3526 733 3591 Η)
755 3526 872 3595 epistula
892 3526 967 3580 beati
988 3508 1089 3594 (aiio)
1107 3524 1235 3595 Cypriani
1256 3523 1291 3578 acl

167 3608 321 3661 successum
343 3608 406 3674 GH,
432 3608 534 3679 Incipit
554 3610 691 3680 (Cypriani
712 3612 777 3665 add.
799 3628 834 3666 m.
852 3614 883 3680 2)
903 3612 1018 3682 epistola
1038 3611 1072 3665 ad
1090 3612 1244 3665 Successum
1260 3612 1290 3674 Τ,

167 3695 267 3763 Incipit
280 3696 339 3763 (ora.
353 3697 383 3764 μ)
395 3695 429 3749 ad
441 3696 595 3750 Sucoessum
611 3699 676 3765 Wp.
690 3728 721 3737 -
734 3699 751 3751 8
764 3698 878 3751 scribere
894 3698 919 3751 Τ
1008 3698 1102 3752 9cleri
1116 3698 1142 3752 Τ
1225 3696 1291 3765 ictu]

167 3780 220 3833 iciu
236 3782 261 3835 T
407 3782 441 3835 10
452 3782 543 3852 istinc]
557 3782 620 3836 hius
637 3782 662 3837 G
810 3783 893 3836 animi
906 3784 947 3836 sui
959 3782 1099 3837 deuotione
1111 3781 1146 3836 ad
1158 3781 1291 3851 diuinam]
1396 3814 1407 3839 κ

168 3867 330 3921 animatione
342 3866 435 3921 diuina
446 3868 545 3924 ΗΤΒ7
670 3870 702 3923 11
715 3870 811 3923 celeste
828 3870 871 3932 W,
885 3868 993 3922 caelesti
1005 3868 1039 3922 Η
1155 3868 1243 3937 gloria
1253 3868 1293 3932 Η,

168 3970 263 4008 corona
281 3954 322 4019 W,
336 3969 460 4008 coronam
477 3956 502 4011 Τ
544 3984 547 3989 ,
636 3956 689 4025 eos]
702 3971 774 4009 meos
791 3956 817 4010 Τ
950 3956 984 4009 12
996 3938 1232 4023 quomodoqncque
1247 3955 1292 4018 W,

169 4040 238 4108 quod
255 4040 279 4095 θ
375 4040 463 4111 uobis]
475 4041 518 4095 his
535 4042 560 4096 Τ
661 4043 693 4096 13
705 4041 854 4110 inissentp
951 4040 1088 4111 explorata
1103 4040 1129 4095 G
1224 4040 1294 4094 ueri·

168 4128 227 4181 tate
245 4126 277 4191 G,
300 4126 353 4181 sibi
370 4127 515 4181 ueritatem
532 4146 569 4196 po
723 4112 853 4182 referrent
864 4148 893 4196 p,
912 4128 1025 4181 referret
1038 4128 1084 4194 W,
1105 4127 1220 4181 referent
1236 4126 1262 4180 G

168 4213 203 4265 14
214 4215 388 4268 neutulautur
403 4216 429 4269 Τ
511 4214 545 4268 15
556 4215 643 4283 sintp
723 4214 766 4285 ad]
779 4214 813 4270 ob
830 4214 856 4269 G
938 4216 972 4269 16
984 4215 1025 4283 nt]
1038 4219 1066 4269 et
1081 4215 1121 4270 W
1198 4217 1226 4268 et
1238 4214 1295 4268 ‹iia-

168 4299 228 4353 coni
245 4300 277 4364 (I,
290 4316 338 4355 ona
356 4301 421 4356 Tin
432 4316 485 4355 ros.
582 4301 746 4355 continentia
762 4301 833 4366 TW,
850 4302 1044 4355 continentiam
1061 4300 1086 4355 G
1177 4300 1295 4354 animad-

168 4388 337 4441 uerterentur
352 4388 383 4451 Τ,
395 4387 466 4441 enim
478 4386 654 4441 aduersantur
668 4387 708 4442 W
829 4386 861 4441 17
874 4403 938 4441 nero
949 4390 977 4440 et
989 4403 1039 4442 orn.
1053 4407 1073 4455 μ
1193 4386 1247 4439 uiri
1259 4384 1297 4454 oq

169 4470 222 4524 uiri
239 4472 323 4526 ana
428 4474 462 4527 18
473 4473 622 4543 spoliantur
637 4473 709 4537 TW,
720 4472 930 4542 expolienturG
1034 4472 1129 4527 christi
1142 4478 1175 4542 μ’
