3242 5159
293 518 360 582 420
705 515 853 571 Caecilii
871 516 1032 586 Cypriani

263 673 283 734 2
337 671 459 738 Circuit
480 671 535 737 illo
557 689 612 736 nos
634 671 774 756 singulos
796 673 829 737 et
850 673 1012 755 tamquam
1035 673 1134 739 bostis
1150 675 1270 739 abusos
1285 674 1431 740 obsidens

293 794 402 842 muros
421 775 559 858 explorat
574 775 755 858 attemptat
775 795 815 841 au
838 777 881 840 sit
895 795 966 859 pars
982 777 1086 860 aliqua
1101 779 1311 854 membrorum
1325 779 1430 845 minas

294 879 422 944 stabilis
438 881 470 944 et
485 878 589 944 minus
604 879 682 956 fida,
703 879 792 944 ouius
807 880 896 944 aditu
910 880 949 944 ad
964 881 1112 946 interiora
1126 883 1314 963 penetretur.
1338 881 1430 948 offert

295 982 397 1048 oeulis
410 982 529 1048 formas
544 982 654 1048 inlices
669 982 701 1047 et
716 982 825 1048 faciles
840 982 1032 1066 uoluptates,
1057 985 1092 1048 ut
1117 985 1188 1049 uisu
1214 986 1355 1050 destruat
1378 1003 1431 1050 oe·

295 1086 451 1152 stitatom.
475 1105 565 1152 auree
590 1105 645 1170 per
671 1104 783 1152 canora
808 1088 929 1152 musica
954 1088 1104 1169 temptat,
1127 1089 1164 1152 ut
1189 1087 1256 1152 soni
1282 1087 1469 1154 dulcioriss

295 1190 407 1256 auditu
422 1190 525 1256 soluat
540 1190 572 1254 et
587 1189 711 1255 molliat
726 1190 932 1255 christianum
947 1190 1101 1274 uigorem.
1125 1191 1268 1274 linguam
1290 1191 1428 1256 oonuioio

296 1296 462 1377 prouocat,
486 1312 613 1360 manum
639 1293 762 1360 iniuriis
789 1295 1012 1360 lacessentibus
1038 1295 1078 1360 ed
1100 1295 1308 1379 petulantiam
1329 1295 1430 1362 caedis

296 1397 438 1484 instigat.
463 1398 499 1462 ut
514 1395 725 1462 fraudatorem
739 1396 836 1462 fatiat
851 1398 937 1462 luera
952 1398 1080 1482 opponit
1093 1398 1225 1463 iniusta:
1243 1400 1279 1464 ut
1293 1399 1431 1464 animam

296 1501 427 1584 pecnnia
452 1500 555 1583 eapiat
581 1500 697 1584 ingerit
721 1499 893 1581 perniciosa
918 1501 1102 1583 conpendia:
1137 1501 1264 1566 bonores
1293 1505 1430 1567 terrenos

296 1604 456 1686 promitt't
472 1607 508 1670 ut
523 1603 670 1670 caelestes
685 1603 821 1669 adimat:
845 1605 981 1668 ostentat
1002 1604 1083 1669 falsa
1105 1607 1141 1669 ut
1163 1622 1236 1670 uera
1257 1604 1470 1689 subripiat,¹⁰

299 1709 332 1772 et
348 1726 420 1772 oum
434 1707 570 1773 letanter
585 1724 645 1772 non
659 1708 762 1789 potest
776 1706 900 1786 fallere,
924 1710 1027 1774 exerte
1048 1708 1147 1791 adque
1162 1710 1267 1792 aperte
1282 1709 1431 1787 minatur,

297 1813 448 1880 terrorem
464 1811 607 1876 turbidae
622 1809 843 1892 persecutionis
858 1811 1033 1890 ntentans,
1056 1812 1096 1876 ad
1111 1811 1310 1878 debellandos
1326 1831 1430 1878 seruos

297 1915 358 1982 Dei
373 1915 532 1998 inquietus
555 1931 675 1996 semper
697 1914 729 1979 et
750 1932 872 1998 semper
894 1913 1043 1993 infestus,
1065 1915 1098 1980 in
1119 1934 1194 1997 pace
1209 1915 1375 1995 subdolus,
1398 1917 1432 1982 in

298 2018 510 2103 perseeutione
525 2017 644 2083 uiolent
684 2069 690 2080 .

267 2125 288 2190 2
342 2121 568 2202 Quamobrem,
591 2120 704 2187 fratres
724 2121 939 2202 dilectissimi,
975 2124 1081 2188 eontra
1107 2141 1211 2188 omnes
1238 2122 1354 2188 diaboli
1380 2124 1468 2188 uelis

297 2226 428 2293 fallaces
443 2227 575 2294 insidias
591 2227 641 2293 uel
656 2229 779 2310 apertas
794 2229 895 2294 minas
911 2230 993 2294 stare
1009 2228 1102 2294 debet
1121 2229 1293 2294 instructus
1308 2229 1432 2294 animus

299 2332 332 2396 et
346 2331 504 2410 armatus,
526 2333 595 2397 tam
616 2333 744 2416 paratus
767 2350 889 2415 semper
911 2333 951 2398 ad
966 2331 1203 2418 repugnandum
1219 2351 1313 2414 quam
1329 2334 1377 2398 est
1391 2332 1431 2398 ad

298 2433 535 2518 inpugnantem
551 2453 672 2517 semper
686 2437 814 2517 paratus
828 2435 984 2501 inimicus.
1009 2437 1041 2500 et
1056 2435 1201 2518 quoniam
1222 2435 1432 2517 frequentiore

298 2539 373 2602 sunt
394 2537 460 2603 tela
482 2537 549 2604 eius
571 2555 649 2620 quae
670 2538 803 2604 nunus
819 2537 970 2621 obrepunt
984 2539 1147 2623 magisque
1162 2537 1283 2603 occulta
1297 2539 1329 2604 et
1344 2537 1430 2604 olan·

298 2641 421 2706 destina
435 2641 581 2706 isoulatio
596 2659 657 2724 quo
672 2641 776 2707 minus
801 2641 987 2725 perspicitur
1009 2642 1067 2708 boo
1092 2643 1124 2708 et
1151 2641 1280 2727 grauius
1305 2645 1338 2708 et
1362 2660 1467 2707 ore-ro

298 2743 385 2808 brius
410 2745 444 2808 in
469 2744 599 2810 uulnera
620 2746 726 2811 nostra
741 2747 917 2830 grassatur,
940 2745 981 2810 ad
995 2745 1070 2811 haee
1085 2763 1205 2828 quoqne
1220 2745 1431 2830 intellegenda
1465 2773 1470 2786 ·

299 2847 331 2912 et
345 2846 527 2931 depellenda
540 2847 719 2932 uigilemus.
750 2867 786 2914 ex
813 2847 925 2931 quibus
950 2851 998 2913 est
1021 2848 1079 2914 zeli
1107 2851 1140 2913 et
1164 2847 1274 2914 liuoris
1298 2847 1429 2914 malm.

299 2949 380 3033 quod
395 2950 423 3014 si
438 2949 492 3032 qui
507 2952 631 3032 penitus
646 2951 807 3034 inspiciat,
830 2951 967 3017 inueniet
982 2951 1061 3018 nibil
1076 2951 1178 3036 magis
1194 2950 1362 3018 christiano
1378 2971 1430 3017 oa·

299 3053 453 3134 nendum,
476 3053 556 3119 nibil
571 3055 691 3120 cautius
706 3055 949 3138 prouidendum,
973 3075 1066 3139 quam
1091 3073 1129 3121 ne
1155 3055 1225 3138 quis
1252 3055 1372 3122 inuidia
1395 3056 1428 3121 et

351 3312 369 3365 2
385 3310 574 3378 membrorum]
586 3327 721 3365 murorum
734 3328 769 3366 ex
779 3317 805 3366 2.
817 3312 894 3368 codd.
907 3314 1011 3380 recepit
1018 3313 1156 3366 Balanitae
1208 3313 1226 3367 3
1243 3315 1271 3367 et
1283 3329 1333 3368 mn.
1344 3311 1382 3366 Μ

299 3395 391 3452 aditus
404 3397 432 3450 Β
501 3395 628 3451 inferiora
640 3397 678 3452 W
745 3397 763 3452 4
780 3399 935 3454 uoluntates
952 3399 1017 3454 WD
1085 3399 1103 3452 5
1120 3414 1244 3453 canoram
1256 3397 1385 3452 musicem
1396 3413 1433 3453 ero

299 3499 422 3538 canorem
434 3484 536 3536 musiea
548 3483 587 3537 M
594 3485 660 3536 m.2
711 3483 802 3537 sonitu
815 3484 844 3537 D
913 3485 931 3538 6
948 3484 1110 3538 resoluatM
1115 3487 1123 3514 ¹
1175 3484 1379 3552 oonuitioMB,
1397 3483 1433 3539 ad

299 3569 451 3625 oonaioium
462 3569 517 3634 D²;
535 3569 654 3624 oonnioio
671 3568 705 3623 ad
721 3570 842 3624 oonuioia
862 3571 935 3626 coni.
952 3571 1058 3625 Valdon
1127 3571 1142 3625 7
1161 3573 1288 3641 prouocat
1305 3570 1341 3626 ad
1356 3575 1433 3639 petu-

300 3657 417 3712 lantiam
429 3656 500 3712 oom'.
513 3656 609 3713 Doatb
678 3672 786 3710 manum
797 3673 847 3711 oen.
861 3655 891 3710 D
959 3655 994 3710 ad
1005 3656 1213 3727 inpetulantiam
1224 3657 1266 3723 D,
1284 3655 1319 3712 ad
1330 3657 1432 3712 uiolen-

301 3743 370 3798 tiam
382 3744 453 3798 oom'.
466 3742 562 3799 aoso
612 3742 629 3796 8
647 3741 741 3798 fraude
753 3743 845 3812 eapiot
856 3742 964 3810 (faeiat.
975 3783 981 3795 .
992 3742 1117 3813 pecunie
1129 3745 1190 3812 oen.)
1203 3743 1232 3797 D
1283 3743 1300 3798 9
1318 3742 1431 3813 ingerit}

301 3828 422 3883 ostendit
433 3830 464 3884 D
532 3827 772 3898 soporatione*
837 3829 956 3884 ostendit
967 3845 1002 3884 aa
1013 3829 1138 3884 ostendat
1149 3829 1178 3883 D
1189 3834 1252 3886 m.2
1322 3830 1356 3884 12
1373 3831 1432 3884 tur-

302 3914 403 3969 bideD
454 3915 642 3970 debellandum
654 3915 694 3971 W
753 3915 798 3970 dei
810 3931 930 3971 neruoso
999 3916 1033 3970 13
1049 3916 1184 3984 inquietos
1197 3916 1225 3969 B
1288 3918 1316 3971 et
1328 3931 1432 3984 semper

302 4018 353 4057 ora.
365 4002 408 4056 D¹
495 4002 529 4057 16
545 4001 649 4058 diaboli
659 4002 704 4057 uel
715 4002 803 4057 minse
816 4001 859 4056 uel
870 4001 991 4056 fallatiae
1003 4003 1032 4055 et
1043 4001 1156 4056 iusidias
1169 4002 1213 4056 uel
1225 4005 1333 4072 apertas
1344 4002 1432 4056 minas

302 4089 332 4143 D
342 4088 391 4143 aad
403 4087 447 4142 uel
460 4104 502 4157 ap.
515 4087 603 4142 minae
616 4105 676 4158 esp.
689 4093 753 4144 m.2
842 4089 886 4143 uel
897 4105 959 4157 exp.
972 4089 1110 4143 Balanitae
1200 4088 1233 4143 17
1252 4103 1332 4157 quam
1344 4087 1433 4142 estad

302 4174 508 4245 inpugnandum
519 4190 569 4229 ora.
579 4174 607 4229 Β
677 4175 710 4230 19
726 4177 858 4245 oprepunt
874 4175 911 4230 W
977 4175 1065 4244 magis
1077 4174 1217 4244 magisque
1230 4175 1268 4229 M
1327 4173 1434 4228 oooulta

303 4265 345 4316 eet
355 4261 386 4315 D
435 4261 470 4316 al
488 4264 623 4315 erassatur
634 4261 675 4326 Β,
692 4265 853 4331 grassamur
864 4277 898 4316 ea
909 4263 1036 4331 grasatur
1047 4262 1085 4317 Μ
1094 4264 1157 4315 aaa
1226 4260 1340 4330 qnoque]
1353 4275 1434 4328 quae-

303 4363 355 4417 que
375 4349 469 4404 malim
560 4349 595 4403 22
611 4349 655 4416 erl
667 4351 697 4402 et
707 4348 736 4402 D
823 4349 917 4403 liboris
930 4349 960 4404 D
979 4349 1021 4403 ita
1041 4348 1209 4416 eorpissim,
1236 4347 1332 4401 rarius
1344 4346 1383 4403 W

301 4435 337 4490 23
355 4435 415 4504 qnia
425 4435 518 4492 M’Bo
569 4421 689 4492 inueniat
700 4437 731 4491 D
789 4435 878 4507 msgis
890 4451 940 4491 om.
952 4434 981 4488 D
1043 4435 1078 4490 24
1095 4435 1189 4504 nequis
1202 4450 1236 4489 ex
1247 4449 1333 4503 neque
1346 4433 1388 4488 ais
1398 4435 1437 4490 Μ

302 4539 336 4578 m.
350 4525 369 4577 2
421 4522 540 4578 inuidiae
551 4523 637 4578 liuore
649 4523 686 4577 Μ
