3242 5159
466 539 646 609 Epistulae
664 538 785 593 LXXV.
804 555 826 594 c.
844 540 937 593 9-10.
1201 541 1263 607 817

143 696 202 761 bus
226 670 374 778 atque'in
397 694 475 761 alias
500 695 661 780 regionum
687 697 791 779 partes
816 696 1049 762 hanscuntibus
1076 696 1264 782 (eratenim

138 800 320 866 transeundi
341 798 475 865 facultas
490 816 524 864 ec
540 800 622 881 quod
641 798 815 881 persecutio
835 799 893 863 illa
906 816 968 864 uon
981 818 1037 881 par
1051 801 1156 865 toturn
1171 820 1264 866 mun-

135 903 212 968 dum
235 903 289 969 sed
311 902 421 967 localis
443 899 578 987 finisset),
606 901 733 968 emersit
755 900 829 967 istic
852 901 956 967 subito
978 902 1129 985 quaedam
1151 902 1265 968 mulier

24 1068 26 1075 ,
134 1023 213 1089 quae
224 1006 258 1070 in
272 1005 391 1071 extasin
413 1004 583 1069 constituta
596 1004 765 1087 propheten
779 1022 811 1071 se
826 1004 995 1088 praeterret
1010 1006 1042 1071 et
1056 1004 1144 1089 quasi
1158 1006 1264 1070 macto

24 1138 25 1141 ¹
114 1110 253 1193 espiritu
276 1107 368 1192 plena
389 1108 433 1172 sic
453 1108 566 1191 ageret.
594 1108 640 1173 ita
662 1108 766 1174 autern
789 1107 1009 1190 principalium
1031 1106 1263 1173 daemoniorum

24 1256 26 1283 1
134 1212 256 1295 impetu
278 1210 435 1277 terebatur
448 1213 486 1277 ut
499 1229 553 1293 per
574 1212 703 1297 longum
723 1212 848 1294 tempus
862 1211 1047 1277 sollicitaret
1063 1212 1095 1276 et
1109 1209 1265 1292 deciperet

24 1358 25 1361 =
136 1314 377 1394 fraternitatem,
403 1313 602 1380 admirabilia
626 1314 777 1397 quaedam
799 1316 831 1379 ct
851 1315 1028 1397 portentosa
1050 1312 1209 1397 perficiens
1232 1315 1265 1378 et

24 1474 27 1495 ι
137 1418 240 1485 facere
254 1436 287 1483 se
301 1419 419 1485 terram
442 1417 560 1482 moueri
582 1417 792 1499 polliceretur:
820 1436 882 1483 non
905 1418 987 1501 quod
1009 1418 1152 1485 daemoni
1174 1418 1265 1483 tanta

24 1564 27 1601 2
141 1524 223 1587 meet
236 1523 372 1604 potestas
387 1523 424 1586 ut
437 1522 552 1587 terram
568 1539 692 1587 mouere
707 1522 763 1586 aut
778 1521 967 1587 elementum
981 1522 1144 1588 concutere
1158 1522 1192 1586 ui
1207 1540 1265 1587 sua

24 1666 27 1707 2
102 1650 131 1691 ιο
142 1624 271 1704 ualeret,
298 1623 353 1690 scd
375 1624 457 1707 quod
479 1641 710 1706 nonnumquam
731 1642 865 1707 nequam
887 1625 1016 1708 spiritus
1037 1625 1210 1707 praesciens
1232 1626 1265 1689 et

24 1808 26 1811 ¹
142 1727 326 1815 intellegens
346 1726 580 1793 terraemotum
595 1726 738 1793 futurum
753 1727 1004 1794 idsefactnrum
1020 1727 1264 1794 mscsimularet

24 1912 26 1917 Ι
137 1831 220 1916 quod
245 1830 388 1896 futurum
409 1829 539 1895 uideret.
566 1830 678 1912 quibus
701 1830 871 1895 mendaciis
891 1832 924 1895 ct
944 1831 1165 1897 iactationibus
1187 1831 1262 1896 aub-

25 2018 26 2021 ,
141 1936 247 2020 egerat
262 1935 382 1999 mentes
397 1933 591 2018 singulorum
606 1934 643 1998 ut
657 1932 718 1997 sibi
733 1932 912 1999 oboedirent
924 1937 957 1999 et
968 1953 1160 2017 quocumque
1174 1953 1264 2017 prae-

24 2088 26 2129 3
138 2038 255 2122 ciperet
276 2040 308 2103 ct
329 2037 455 2102 duceret
481 2038 689 2120 sequerentur,
713 2035 828 2102 iaceret
850 2054 970 2119 quoque
991 2037 1153 2103 mulierem
1174 2036 1264 2101 illam

24 2206 27 2237 ι
111 2138 243 2205 recruda
263 2139 365 2205 hieme
386 2140 477 2205 nudis
499 2140 630 2223 pedibus
653 2160 707 2223 per
728 2158 852 2223 asperas
871 2139 960 2205 niues
981 2140 1264 2206 heuecuexariiu

139 2243 244 2326 aliquo
267 2246 322 2309 aut
341 2244 423 2310 laedi
438 2245 496 2310 illa
511 2246 709 2326 decursione,
731 2244 847 2310 diceret
861 2245 958 2310 etiam
973 2262 1006 2309 se
1018 2245 1054 2311 in
1068 2244 1218 2309 Iudaeam
1232 2248 1265 2308 et

141 2347 393 2431 Hierosolymam
413 2347 558 2413 festinare
579 2348 697 2434 fingens
718 2351 881 2431 umquam
901 2348 974 2413 iude
994 2348 1138 2412 uenisset.
1165 2347 1217 2412 hio
1232 2349 1264 2412 et

24 2510 25 2513 ,
136 2470 235 2516 unum
251 2452 288 2516 de
302 2451 491 2535 presbyteris
506 2451 680 2527 Rusticum,
702 2452 779 2517 item
795 2452 827 2515 et
841 2451 940 2515 aliurn
961 2450 1125 2515 diaconum
1139 2449 1263 2529 fefellit,

24 2546 26 2623 ᾗ
139 2556 176 2619 ut
187 2553 288 2621 eidem
301 2554 426 2619 mulieri
442 2554 730 2621 commiscerentur:
746 2555 828 2638 quod
842 2556 934 2639 paulo
949 2556 1020 2637 post
1034 2554 1193 2619 detectum
1204 2556 1261 2620 est.

24 2640 27 2657 '
107 2676 215 2723 anam
236 2657 339 2722 subito
360 2658 503 2742 apparuit
525 2658 575 2723 illi
590 2676 670 2725 unus
684 2658 723 2723 de
738 2658 896 2725 exorcistis
910 2660 961 2724 uir
974 2658 1121 2741 probatus
1136 2660 1168 2723 et
1182 2660 1265 2724 circe

24 2752 26 2759 '
138 2759 317 2844 religiosam
329 2761 525 2843 disciplinam
537 2761 745 2846 benesemper
759 2764 968 2842 conuersatus‚
984 2764 1038 2846 qui
1053 2762 1264 2829 exhortatione

139 2880 260 2947 quoque
281 2864 414 2929 fratrum
438 2865 644 2947 plurimorum
668 2866 721 2947 qui
736 2867 768 2931 et
783 2866 845 2949 ipsi
868 2865 965 2933 fortes
987 2885 1023 2931 ac
1044 2865 1217 2931 laudabiles
1230 2866 1265 2930 in

138 2968 199 3033 fide
222 2967 350 3033 aderant
374 2968 525 3033 excitatus
550 2968 648 3033 erexit
670 2986 702 3033 se
718 2969 825 3034 conta
847 2969 938 3035 illum
961 2970 1110 3052 spiritum
1132 2987 1265 3052 nequam

140 3070 378 3138 reuiuecndum:
406 3072 460 3153 qui
486 3071 596 3136 subtili
622 3070 747 3137 fallacia
770 3072 866 3137 ctiam
887 3073 946 3137 hoc
967 3072 1059 3155 paulo
1081 3074 1154 3137 ante
1176 3092 1265 3154 prae·

24 3250 25 3257 ἵ
109 3194 134 3236 rs
145 3174 265 3240 dixerat
287 3177 454 3240 uenturum
477 3176 627 3257 quendam
650 3192 793 3241 aucmum
809 3176 840 3239 et
854 3174 1074 3258 temptatorem
1096 3172 1263 3240 infidelem.

24 3284 25 3289 ’
140 3280 246 3343 tamen
266 3278 321 3343 ille
342 3277 492 3343 exorcista
507 3278 677 3359 inspiratus
692 3278 751 3343 Dei
766 3278 869 3362 gratia
883 3277 1006 3343 fortiter
1019 3278 1138 3343 restitit
1152 3280 1184 3343 ct
1199 3296 1265 3343 esse

24 3456 25 3461 ἵ
140 3380 233 3446 illum
254 3380 477 3463 nequissimum
499 3381 645 3465 spiritum
665 3381 718 3464 qui
737 3382 824 3463 priua
839 3384 965 3446 sauctus
978 3379 1148 3462 putabatur
1162 3383 1266 3445 osten·

24 3492 25 3495 ’
143 3483 199 3548 dit.
231 3484 318 3565 atqui
345 3484 401 3548 illa
426 3483 540 3549 mulier
565 3502 643 3567 quac
669 3486 754 3567 prius
780 3503 835 3566 per
859 3484 1043 3567 praestigias
1069 3486 1101 3548 et
1125 3482 1265 3549 fallacias

193 3690 208 3742 1
221 3689 312 3758 partes
324 3688 462 3758 regionum
475 3688 508 3743 Ic
645 3688 662 3743 3
674 3691 703 3742 et
714 3689 809 3743 mersit
824 3688 882 3759 ΟΜ
885 3692 894 3719 ¹
1030 3689 1048 3742 4
1060 3688 1151 3741 cresin
1164 3688 1201 3741 Μ
1211 3690 1265 3753 (ex-

140 3775 227 3829 stasin
241 3773 275 3844 Q)
387 3774 505 3842 profetia
519 3773 542 3843 Q
658 3774 840 3829 dictabantur
852 3773 883 3828 Ε
994 3774 1010 3827 7
1023 3790 1054 3827 ac
1066 3772 1203 3827 mirabilia
1215 3774 1236 3828 1

142 3864 316 3931 portentuosa
329 3861 350 3915 Ι
436 3862 564 3915 Sterram
578 3901 601 3914 ..
614 3902 619 3913 .
634 3861 652 3914 l.
666 3864 684 3915 9
696 3863 728 3915 ut
739 3860 803 3915 add.
819 3861 856 3915 Μ
864 3877 898 3914 oe
912 3861 974 3915 aie
985 3876 1071 3929 merp.
1163 3860 1265 3914 moneri

142 3963 192 4002 om.
205 3947 261 4017 EQ
368 3946 889 4017 damonitautaQ,dcmoniutauta1d
994 3946 1053 4001 bui
1065 3947 1123 4017 ana]
1135 3948 1198 4001 uisu
1209 3947 1264 4013 ΕΙ,

137 4034 185 4088 sed
198 4034 219 4088 I
227 4050 247 4088 a.
261 4034 278 4088 l.
290 4034 333 4088 uel
345 4033 374 4087 ui
485 4032 520 4087 10
530 4048 710 4101 nonumquam
723 4034 750 4097 I,
761 4048 815 4087 uon
826 4032 882 4103 EQ
989 4032 1102 4102 spiritua
1113 4048 1228 4102 nequam
1240 4050 1263 4097 c,

138 4118 249 4187 spiritus
263 4120 284 4173 I
380 4120 413 4174 14
424 4134 475 4187 quo
487 4142 513 4173 a
525 4134 575 4187 que
587 4120 622 4184 Ε,
636 4106 747 4187 quocuq.
765 4118 788 4188 0
881 4118 932 4173 illa
943 4118 1017 4191 ΜΨ
1111 4118 1145 4173 15
1155 4120 1265 4174 crudam

137 4204 252 4259 hiemem
264 4204 336 4276 Mc*
431 4205 463 4259 17
475 4205 677 4260 hierusolimam
689 4205 742 4275 EQ
837 4205 871 4259 18
881 4202 1266 4277 rusticumeteitdmxoiproo

137 4292 232 4347 Reate
322 4295 350 4347 ct
361 4308 411 4347 om.
426 4291 449 4362 Q
546 4292 639 4345 acillo
652 4291 723 4361 ΜΟ·
818 4292 852 4346 21
865 4292 1057 4345 exortationem
1071 4291 1095 4362 Q
1184 4292 1220 4346 24
1230 4291 1266 4345 ad

138 4377 325 4433 renuendum
337 4380 406 4433 eoae.
419 4378 514 4434 aare
632 4377 665 4430 ar
683 4376 820 4447 spiritum]
832 4393 887 4431 non
898 4379 941 4431 aa
952 4361 1011 4446 effi
1026 4376 1114 4446 nee
1126 4377 1191 4443 soa.
1204 4376 1265 4430 aaa

137 4462 224 4518 monis
237 4464 363 4532 spiritum
440 4464 487 4533 qui
505 4464 651 4535 putabatur
662 4464 700 4519 Μ
713 4463 770 4533 (qui
783 4480 833 4519 orie
848 4463 882 4535 Q)
958 4463 993 4518 28
1004 4464 1092 4534 atqui]
1104 4466 1186 4533 atque
1196 4460 1266 4533 EIQ

240 4570 290 4617 111.
1017 4552 1060 4617 52
