3242 5159
472 530 633 600 Epistula
653 528 952 584 svnt-xvnn.

376 729 765 946 ‘uersuum
801 804 1048 915 rvrrrr.

205 1009 407 1065 CYPRIANVS
424 1009 663 1064 PRESBYTERIS
681 1009 726 1064 ET
743 1008 962 1066 DIACONIBVS
980 1006 1178 1062 FRATRIBVS
1196 1008 1221 1062 ἃ

194 1200 271 1286 Legi
279 1200 400 1266 litteras
407 1201 537 1278 uestras,
549 1199 659 1264 fratres
670 1171 832 1278 carissimi,
844 1199 955 1282 quibus
967 1199 1135 1283 scripsistis
1146 1199 1293 1266 salubre}

154 1305 316 1371 consilium
343 1305 483 1368 uestmr
509 1320 568 1368 non
597 1304 702 1370 deesse
728 1303 878 1370 fratribus
899 1303 1021 1382 nostris,
1049 1305 1085 1368 ut
1106 1304 1270 1370 temeraria

120 1406 348 1473 'atestinationc
374 1405 512 1488 deposita
538 1405 716 1490 religiosam
741 1406 923 1489 patientiam
945 1407 1009 1472 Deo
1031 1406 1205 1489 praebeant,
1233 1407 1270 1472 ut

152 1509 271 1592 quando
285 1509 319 1574 in
333 1529 430 1574 unum
443 1527 498 1590 per
511 1509 577 1574 eius
599 1495 841 1576 misericordiam
862 1509 1047 1589 asserimus,
1069 1509 1108 1575 do
1128 1509 1271 1576 omnibus

152 1612 309 1695 speciebus
324 1612 492 1678 secundum
507 1612 746 1680 ecclesiasticam
757 1613 951 1695 disciplinam
963 1613 1095 1679 tractare
1106 1613 1269 1694 possimne,

152 1715 287 1780 maxime
313 1733 385 1780 cum
412 1714 562 1798 scriptum
584 1715 646 1780 sit:
674 1716 860 1782 memento
888 1716 986 1781 undo
1014 1715 1205 1782 cecideris
1233 1715 1270 1781 ct

153 1836 223 1902 age
243 1817 536 1899 paenitentiam.
559 1818 782 1902 paenitentiam
804 1820 909 1884 autem
931 1818 984 1884 ille
1006 1819 1072 1903 agit
1094 1818 1149 1900 qui
1170 1815 1270 1882 diuim

119 1941 144 1980 ιο
152 1920 306 2001 praecepti
336 1939 453 1986 memor
481 1921 568 1987 mitis
589 1921 621 1986 et
641 1921 762 2003 patiens
784 1923 817 1986 et
839 1921 1048 1986 sacerdotibus
1069 1921 1128 1986 Dei
1150 1920 1270 1985 obtem·

152 2039 260 2102 perans
289 2022 443 2105 obsequiis
465 2023 531 2089 suis
552 2026 583 2089 et
604 2024 745 2108 operibus
765 2024 859 2091 iustis
879 2024 1048 2090 Dominum
1069 2024 1269 2107 promeretur.

195 2123 346 2203 Quoniam
367 2128 471 2192 tamen
492 2126 691 2212 significastis
712 2127 861 2210 quosdam
882 2127 1089 2192 inmoderatos
1104 2143 1169 2191 esse
1185 2127 1216 2190 et
1230 2124 1299 2190 adl

152 2228 461 2294 communicationem
481 2230 690 2313 accipiendam
710 2230 892 2296 festinanter
906 2249 1046 2314 urguere,
1065 2229 1096 2295 et
1116 2227 1270 2294 desidora-

153 2330 211 2394 stis
232 2330 266 2395 in
286 2331 367 2397 hanc
395 2351 462 2398 rem
488 2332 621 2399 formam
648 2332 737 2400 uobis
758 2352 776 2398 a
797 2352 848 2397 mc
869 2332 945 2411 dsri,
969 2333 1044 2398 satis
1066 2331 1156 2415 plene
1176 2330 1270 2412 scrip·

120 2432 231 2498 lesisse
252 2453 302 2500 me
323 2435 363 2500 ad
377 2434 456 2500 hanc
476 2454 542 2501 rem
561 2436 709 2519 proximis
730 2435 846 2502 litteris
866 2436 906 2501 ad
926 2453 981 2500 uos
1002 2434 1092 2500 factis
1114 2433 1212 2512 credo,
1235 2432 1271 2497 ut

154 2537 207 2620 qui
234 2537 379 2604 libellum
399 2557 419 2603 a
438 2539 628 2623 martyribus
655 2542 836 2621 acceperunt
858 2538 890 2606 et
911 2538 1026 2604 acribo
1054 2554 1159 2603 eorum
1181 2535 1270 2600 adiu-

154 2640 222 2704 uari
249 2641 330 2723 apud
351 2641 519 2707 Dominum
544 2641 578 2706 in
599 2641 721 2707 delictis
749 2641 814 2706 suis
840 2643 977 2726 possunt
1006 2639 1033 2704 si
1059 2638 1158 2722 premi
1185 2637 1270 2702 infir-

153 2742 264 2807 mitate
285 2742 390 2824 aliqua
411 2745 443 2808 ct
463 2743 597 2825 periculo
620 2743 782 2827 coeperint,
804 2743 1007 2827 exomologesi
1029 2741 1111 2808 facta
1131 2742 1163 2807 et
1177 2759 1269 2806 manu

153 2843 197 2907 eis
218 2862 238 2908 a
258 2844 347 2909 uobis
374 2844 407 2909 in
433 2845 653 2928 paenitentiam
680 2846 815 2928 inposita
840 2865 910 2912 cum
938 2865 1012 2929 pace
1039 2864 1058 2910 a
1079 2843 1270 2928 martyribus

28 2970 35 2981 ¹
120 2946 216 3012 sosibi
243 2946 395 3029 promissa
415 2948 454 3012 ad
475 2948 644 3015 Dominum
665 2949 876 3015 remittantur.
899 2949 993 3015 ceteri
1015 2965 1086 3014 uero
1109 2947 1162 3029 qui
1184 2945 1270 3011 nullo

221 3254 225 3263 „
253 3186 454 3256 cupreas.
1171 3189 1185 3231 ⁸

202 3409 288 3479 Epist.
305 3409 422 3466 XVIIII.
441 3440 474 3450 -
491 3409 591 3482 Incipit
613 3411 643 3466 in
665 3428 719 3482 qua
740 3413 864 3468 rescribit
888 3415 939 3482 (res
963 3413 1070 3483 scripsit
1090 3413 1124 3476 Τ)
1148 3411 1216 3466 clero
1237 3411 1270 3465 ds

152 3498 195 3552 ss
212 3497 259 3568 qur
277 3497 310 3551 as
327 3513 419 3569 pacem
436 3498 567 3553 formam
584 3497 689 3568 nono,
714 3514 764 3554 om.
784 3519 813 3553 ω.
833 3529 866 3540 -
883 3499 900 3554 2
917 3497 1081 3568 mnibus]
1099 3481 1144 3554 df
1156 3497 1179 3568 o

151 3582 168 3637 5
185 3581 316 3653 disposita
327 3583 428 3654 E¹QT
492 3586 523 3639 ut
540 3599 590 3638 ora
603 3584 695 3655 supe
771 3585 788 3640 6
805 3583 923 3655 quando]
941 3602 1034 3642 cumo
1102 3585 1158 3638 eius
1176 3599 1226 3638 cm.
1239 3601 1268 3646 ω,

151 3668 208 3723 eius
225 3669 254 3724 in
274 3670 300 3724 T
373 3669 524 3724 renuamus
543 3669 595 3740 QT
667 3671 862 3726 enemente..
882 3672 908 3726 T
982 3669 1103 3725 9aitT
1168 3667 1269 3723 diuinis

150 3755 298 3825 praeceptis
321 3755 379 3810 Εό
471 3755 506 3809 10
528 3771 629 3811 memor
651 3772 700 3812 ora
725 3757 842 3828 EQToo
932 3754 1158 3825 obtemperantias
1178 3754 1204 3808 Τ

152 3839 187 3895 rr
204 3823 338 3911 istnc
356 3823 486 3909 (ffim)
555 3840 958 3912 taqueum...ssreeracs
975 3857 1069 3896 aaa
1136 3837 1268 3904 somn,

151 3950 177 3980 u
193 3925 274 3997 κὰρ,
292 3926 390 3992 adEo,
408 3927 527 3996 anea·
545 3928 580 3995 cf.
599 3943 639 3996 ep.
658 3931 694 3982 55
711 3930 770 3984 c.3
839 3928 872 3982 13
889 3925 1032 3982 desiderati
1047 3925 1073 3981 T
1087 3925 1111 3979 ti
1129 3926 1161 3980 in
1178 3941 1234 3980 rao.

151 4012 185 4065 14
201 4011 252 4066 hac
268 4028 330 4067 roo
404 4010 569 4066 formandam
587 4013 619 4067 Ε
685 4028 761 4067 ame
777 4011 888 4069 uobisc
962 4013 1029 4066 satis
1047 4011 1157 4082 MQ'T,
1175 4011 1268 4066 sciatis

151 4094 250 4165 EQ'or,
268 4096 301 4149 ut
318 4096 410 4151 edatis
427 4113 444 4152 o
523 4096 557 4152 15
574 4097 607 4151 ud
624 4113 673 4152 uos
690 4113 740 4152 om.
758 4117 781 4150 ω
858 4097 945 4152 factis.
965 4096 1048 4153 Credo
1065 4098 1106 4152 ita
1123 4091 1268 4168 distinguit

150 4179 220 4251 EcQ
237 4168 329 4251 (iactis
345 4182 422 4237 credo
439 4183 486 4253 Μ)
573 4183 606 4238 18
622 4183 715 4253 aliqua
731 4183 923 4238 infirmitates
951 4219 958 4236 .
1007 4183 1215 4254 exhomologisin
1235 4182 1266 4253 Q,

149 4266 362 4338 exhomologesin
380 4269 450 4324 ETo
519 4269 552 4324 19
574 4269 693 4340 inposita
709 4286 726 4323 a
742 4267 818 4324 uobis
835 4269 863 4322 in
881 4269 1107 4340 poenitentiamo
1174 4267 1267 4338 paeni-
1326 4316 1329 4324 ,

148 4352 237 4406 tentia
256 4354 282 4407 T
363 4353 398 4408 20
415 4353 478 4424 sibi]
496 4353 566 4410 siT
649 4353 684 4410 ed
699 4370 751 4412 om.
769 4350 869 4426 E¹QT
951 4355 1155 4410 remittenturo
1238 4353 1266 4406 in

149 4437 257 4493 nulloo
