3242 5159
380 492 443 559 764
780 492 928 549 Caecilii
945 492 1109 561 Cypriani

331 654 368 718 1⁵
421 646 552 726 Quodsi
568 649 682 733 aliquis
698 650 801 715 inille
817 649 1255 731 moneturquodquidamde
1276 650 1331 714 his
1351 648 1404 730 qui
1427 650 1498 731 sagn

378 748 576 832 baptizantur
591 752 754 835 spiritibus
773 752 874 818 adhue
894 752 1054 817 inmundis
1073 752 1327 834 temptaturum,
1349 750 1426 817 scint
1443 750 1498 815 dir·

378 854 444 920 boli
468 857 638 939 nequitiam
655 858 844 941 pertinacem
859 875 957 939 usque
971 856 1013 923 ed
1027 876 1140 939 aquam
1154 856 1332 922 salutarem
1347 856 1454 935 ualere,
1472 855 1499 919 in

378 958 535 1041 baptismo
558 978 630 1025 uero
646 978 735 1025 omne
749 960 907 1043 nequitiae
921 978 996 1025 suae
1015 960 1104 1024 uirus
1124 960 1281 1025 amittere.
1304 958 1390 1042 quod
1411 978 1498 1023 erem·

377 1060 465 1145 plum
488 1064 642 1129 demimus
662 1065 695 1129 in
717 1082 790 1148 rege
810 1063 979 1141 Pharaone,
1000 1063 1056 1145 qui
1078 1062 1134 1127 diu
1154 1064 1333 1127 reluctatus
1353 1065 1387 1126 ot
1408 1062 1513 1125 iosus

377 1166 507 1251 perfidia
529 1167 706 1233 demoratos
728 1169 795 1232 tam
817 1168 872 1232 din
892 1166 1037 1231 resistere
1056 1166 1161 1248 potuit
1175 1168 1207 1230 et
1220 1165 1406 1249 praeualere
1418 1166 1498 1228 donet

377 1269 416 1334 ad
431 1288 544 1351 aquam
564 1270 699 1335 ueniret:
728 1288 788 1352 quo
809 1288 880 1334 eum
895 1270 1042 1349 uemsset,
1067 1270 1099 1333 et
1113 1270 1217 1335 uictus
1231 1270 1333 1333 estet
1350 1268 1497 1333 οιῒίοοοοο.

378 1390 464 1437 mare
486 1374 593 1438 autem
612 1372 693 1438 illud
715 1374 945 1439 sacramentum
967 1374 1119 1455 baptismi
1134 1372 1232 1438 inisse
1246 1372 1392 1438 declarat
1405 1372 1499 1437 beatus

379 1476 538 1558 apostolus
567 1476 685 1543 Paulus
715 1476 835 1541 dicens:
865 1476 953 1541 nolo
982 1476 1084 1543 euim
1110 1494 1178 1542 uos
1206 1478 1411 1561 ignorare,
1438 1474 1499 1537 ira·

379 1579 474 1657 tres,
510 1579 600 1661 quia
628 1581 759 1661 patres
788 1580 915 1644 nostri
944 1598 1074 1645 omnes
1102 1580 1171 1644 sub
1201 1579 1306 1644 nube
1336 1578 1523 1650 fuerentur

379 1682 417 1747 et
438 1699 567 1747 omnes
593 1700 788 1764 perurere
817 1682 1081 1762 transierunt,
1112 1684 1150 1748 et
1169 1700 1300 1748 omnes
1326 1682 1366 1747 in
1388 1680 1498 1764 Moyse

378 1784 577 1867 baptizoti
606 1788 697 1851 sunt
726 1788 763 1851 et
792 1786 832 1851 in
862 1786 960 1851 nube
988 1786 1094 1851 etin
1118 1786 1225 1851 mari.
1256 1787 1289 1850 et
1317 1784 1438 1851 addidit
1460 1783 1498 1847 di·

378 1904 464 1952 oens:
502 1887 594 1953 haee
629 1890 756 1954 autem
792 1890 919 1955 omnia
953 1888 1108 1975 figurae
1142 1892 1306 1955 nostrae
1343 1888 1495 1954 fuerunt.

378 1993 461 2074 quod
495 1991 587 2057 hodie
623 1992 718 2058 etiam
746 1993 882 2078 geritur,
919 1995 957 2059 ut
991 2012 1047 2076 per
1074 1993 1240 2059 exorcistas
1268 2010 1348 2058 uoee
1377 1992 1497 2056 humane

379 2096 411 2161 et
443 2096 595 2179 potestate
626 2094 733 2161 diuina
763 2095 943 2181 flagelletur
971 2100 1004 2161 et
1032 2098 1142 2162 uretur
1170 2097 1202 2162 et
1234 2096 1419 2179 torqueatur
1441 2093 1520 2157 dir-o

379 2196 484 2281 bolus,
511 2200 544 2263 et
566 2216 636 2263 oum
659 2200 740 2264 exire
763 2202 850 2267 seet
872 2200 1012 2267 homines
1034 2201 1093 2265 Dei
1115 2200 1275 2265 dimittere
1298 2218 1391 2282 saepe
1418 2197 1497 2270 dicat

234 2296 240 2309 ’
379 2301 412 2365 in
442 2318 476 2366 eo
507 2300 612 2367 tamen
641 2302 722 2383 quod
752 2302 866 2369 dixerit
894 2304 987 2369 fellet
1015 2305 1049 2369 et
1077 2302 1110 2367 id
1135 2303 1218 2385 quod
1243 2320 1298 2386 per
1320 2303 1495 2367 Perseum

379 2406 466 2489 pn'us
502 2410 626 2491 gestum
663 2411 710 2474 eet
747 2406 855 2473 eodem
887 2406 1047 2472 mendacio
1079 2406 1298 2472 obstinationis
1329 2409 1363 2471 et
1395 2402 1496 2469 medis

379 2512 527 2575 exerceat.
557 2530 628 2576 eum
649 2512 755 2577 temen
778 2511 818 2577 ed
843 2530 957 2593 equam
982 2510 1152 2575 salutarem
1172 2508 1273 2591 adque
1293 2508 1336 2575 ad
1362 2505 1494 2591 baptismi

379 2613 653 2681 sanctificationem
671 2614 806 2693 emitur,
830 2614 909 2679 seire
923 2613 1073 2679 debemus
1088 2615 1121 2679 et
1135 2610 1230 2678 fidere
1250 2613 1328 2695 quia
1348 2611 1417 2677 illio
1434 2610 1516 2673 die-a

378 2717 468 2783 bolus
483 2718 671 2801 opprimitur
684 2718 717 2782 et
731 2717 823 2782 homo
838 2717 959 2782 dicatus
975 2717 1040 2782 Dee
1054 2716 1164 2782 diuina
1178 2716 1378 2800 indulgentia
1394 2714 1492 2780 iibere·

379 2818 439 2883 tnr.
457 2840 529 2887 nam
545 2820 572 2884 si
588 2819 699 2902 scorpii
716 2820 748 2885 et
763 2822 922 2903 serpentes
936 2820 991 2902 qui
1006 2820 1040 2885 in
1051 2820 1132 2885 sieeo
1144 2820 1336 2903 praeualent,
1352 2821 1386 2885 in
1397 2834 1493 2901 equam

377 2922 578 3005 praeeipitsti
592 2924 771 3005 praeualere
785 2925 916 3008 possunt
931 2924 988 2989 aut
1002 2942 1060 2989 sua
1074 2940 1193 2989 uenena
1215 2924 1359 3001 retinere,
1381 2922 1492 3006 possum

481 3160 530 3215 91
549 3158 606 3215 Gor.
627 3160 667 3225 10,
688 3160 712 3214 1.
732 3162 756 3215 2.
775 3162 798 3216 6.

430 3381 445 3435 1
458 3380 493 3435 iis
505 3398 521 3437 o
623 3380 859 3453 ibaptizabentur
868 3380 937 3451 ΕΦ
950 3381 1136 3450 (baptizantur
1145 3381 1233 3454 ΜρΙ)
1339 3380 1492 3452 temptaban-

378 3468 425 3521 tur
439 3467 611 3540 BOEPQV,
625 3471 794 3525 tentanturo
940 3468 1029 3523 sciant
1043 3468 1071 3522 P
1214 3469 1321 3524 reims
1337 3470 1465 3526 Ouseao
1559 3471 1560 3486 ¹

379 3552 524 3609 admittere
540 3556 573 3611 0¹
733 3555 790 3609 bet
801 3572 851 3611 οπο
865 3556 929 3621 ΒΡ,
941 3557 984 3609 est
1000 3556 1034 3611 θ’
1194 3556 1288 3624 'iquos
1303 3556 1339 3620 P,
1353 3554 1420 3625 quod
1433 3552 1461 3607 0¹

373 3640 396 3695 e
408 3644 574 3695 sacramento
588 3641 643 3713 EQ
728 3642 846 3697 9dieeus
857 3642 955 3711 paulus
968 3642 996 3696 B
1081 3641 1163 3710 enirn}
1176 3643 1267 3695 autem
1282 3642 1306 3697 G
1391 3640 1423 3693 10
1432 3634 1491 3706 quis]
1559 3655 1560 3662 ¹

381 3714 433 3795 qui
444 3710 501 3783 oiri
517 3728 540 3783 Ο
616 3730 647 3784 11
657 3730 740 3799 priris
752 3731 779 3784 et
790 3747 839 3785 om.
854 3732 882 3785 Β
950 3730 1036 3798 moysi
1047 3728 1111 3799 EQ,
1122 3744 1231 3797 moysen
1246 3727 1297 3783 ΟΡ
1376 3726 1408 3780 12
1418 3721 1491 3791 tepti-

379 3800 458 3869 nendi
472 3798 525 3881 iio,
535 3814 613 3886 bapti
625 3816 653 3870 P
782 3820 887 3874 suntet
901 3817 961 3888 QV,
973 3818 1037 3870 sunt
1049 3816 1148 3871 BOEu
1277 3814 1348 3869 etin
1359 3813 1425 3868 nube
1436 3809 1490 3865 etin

379 3900 448 3954 mari
460 3916 509 3955 orn
522 3901 549 3955 P
636 3903 668 3957 lo
681 3906 771 3958 autem
782 3904 810 3958 P
821 3920 842 3959 e.
855 3904 873 3959 1.
889 3921 924 3959 οι
936 3907 965 3967 2,
978 3919 1029 3958 om.
1046 3903 1070 3959 0
1147 3901 1255 3956 inerant
1267 3901 1295 3955 Β
1381 3898 1490 3955 lintion

379 3984 484 4054 geritur
494 4002 544 4041 oon.
559 3989 586 4042 B
698 3991 803 4044 ntBe.
816 3990 833 4043 l.
946 3989 1150 4044 exorchistaeP
1261 3986 1295 4039 16
1306 3982 1467 4042 neenec

379 4070 423 4125 dei
443 4088 495 4155 orn
517 4076 540 4127 0
691 4091 769 4144 saepe
788 4075 873 4145 dieat]
894 4091 922 4130 ee
939 4074 1099 4145 predioetO
1251 4074 1284 4127 17
1302 4059 1341 4143 in]
1351 4058 1390 4127 'et
1405 4069 1465 4126 inP

380 4156 414 4211 19
426 4156 455 4211 di
467 4163 601 4227 aquamO
694 4160 848 4230 baptissimi
863 4164 887 4215 0
893 4161 1005 4230 saepius
1100 4160 1136 4215 20
1147 4160 1266 4214 illicere.
1283 4160 1307 4216 0
1399 4158 1429 4212 21
1440 4152 1490 4207 mi>

378 4243 507 4313 primitur
519 4246 556 4299 M
559 4252 564 4280 ¹
582 4250 665 4317 (oppr.
679 4246 765 4317 M’Q)
887 4247 991 4301 ditetur
1002 4233 1038 4301 do
1051 4247 1099 4311 0¹,
1111 4246 1159 4301 deo
1170 4246 1306 4302 dieatuso
1423 4236 1488 4303 12111
1559 4317 1560 4322 ¹

379 4329 479 4386 siouto
622 4336 731 4404 equaB
873 4333 1097 4403 iinonpossuut
1112 4334 1150 4389 οο
1286 4334 1489 4387 autemnam

378 4416 495 4471 retinere
507 4432 556 4473 om.
575 4419 601 4473 V
699 4420 825 4489 retinere]
838 4436 867 4473 re
882 4421 906 4472 B
1009 4421 1129 4490 possum]
1143 4421 1181 4473 eie
1198 4417 1235 4473 Co
