3242 5159
305 523 368 587 362
705 521 849 578 Caecilii
867 521 1030 589 Cypriani

305 677 431 760 questu
445 677 569 742 adoras:
585 676 707 742 uidebis
722 676 779 741 sub
795 695 889 742 manu
903 678 1010 743 nostra
1020 678 1104 743 stare
1118 676 1239 741 uinctos
1254 678 1286 740 et
1301 677 1434 740 tremere

306 778 443 861 captiuos
464 797 540 862 quos
560 781 596 844 tu
611 779 743 862 suspicis
758 781 789 845 et
803 781 960 844 ueneraris
974 780 1011 845 ut
1024 779 1176 845 dominos.
1200 779 1283 844 certe
1309 778 1361 842 uel
1385 777 1433 842 sic

305 881 450 947 confundi
475 883 507 948 in
533 883 604 948 istis
630 871 783 948 erroribus
807 883 872 948 tuis
886 883 1017 965 potoris,
1041 884 1162 966 quando
1177 881 1385 964 eonspecxeris
1399 882 1433 944 et

306 985 439 1051 audieris
461 986 533 1051 deos
548 989 618 1050 tuos
633 987 708 1069 quid
723 986 787 1052 sint
801 987 1043 1072 interrogatione
1056 989 1163 1052 nostra
1178 987 1290 1051 statim
1304 983 1433 1067 prodere

305 1092 337 1155 et
359 1089 572 1172 praesentibus
594 1090 668 1154 licet
690 1089 779 1155 uobis
794 1091 981 1174 praestigias
994 1090 1067 1155 illas
1082 1093 1115 1155 et
1130 1090 1271 1156 fallacias
1286 1107 1357 1154 suos
1371 1105 1433 1152 non
1457 1113 1472 1152 s

305 1212 392 1276 posse
408 1195 515 1260 celere.

258 1295 296 1358 it
348 1295 432 1376 Quae
448 1315 519 1381 argo
535 1297 649 1364 mantis
663 1297 790 1381 ignauia
805 1299 867 1373 est,
891 1299 988 1364 immo
1011 1317 1088 1381 quae
1108 1295 1328 1381 desipientium
1343 1313 1433 1359 oseca

304 1401 336 1466 et
361 1402 459 1466 stulta
485 1401 642 1467 dementia
667 1401 707 1466 ad
731 1401 833 1466 lucem
859 1404 897 1468 de
922 1402 1057 1468 tenebris
1078 1400 1306 1467 conuenisset
1322 1398 1434 1462 mortis

304 1505 443 1570 aeternae
465 1504 583 1586 laqueis
606 1506 727 1570 uinctos
748 1523 835 1590 spem
849 1505 932 1571 nolle
945 1505 1181 1570 inmortalitatis
1197 1503 1348 1586 excipere,
1371 1521 1433 1566 non

304 1610 441 1673 metuere
465 1607 565 1672 Deum
589 1609 818 1673 conminantem
841 1609 874 1674 et
896 1609 1067 1674 dicentem:
1090 1607 1331 1674 sacrificans
1353 1605 1472 1669 diisro

304 1709 574 1776 eradicabitur
595 1711 673 1776 nisi
688 1711 849 1777 Domino
872 1713 958 1778 soli.
975 1712 1153 1777 etiterum:
1168 1709 1434 1776 adorauerunt

304 1830 365 1878 eos
396 1832 487 1896 quos
520 1813 696 1880 fecerunt
729 1815 851 1900 digiti
886 1833 1035 1898 eornm,
1073 1817 1112 1880 et
1144 1815 1336 1880 curuatas
1369 1812 1433 1876 est

304 1916 416 1982 homo
439 1920 478 1983 et
499 1918 737 1984 humiliatus
769 1920 829 1984 est
858 1919 938 1996 uir,
976 1921 1014 1984 et
1046 1939 1117 1985 nen
1150 1918 1289 1983 laxabo
1321 1914 1434 1980 illis?

304 2020 379 2102 quid
394 2023 426 2086 te
441 2022 481 2086 ad
496 2020 591 2088 falsos
605 2022 677 2088 deos
692 2023 843 2088 humilias
857 2026 889 2088 et
910 2023 1057 2098 inclinas,
1080 2023 1156 2105 quid
1177 2024 1249 2087 ante
1268 2019 1373 2103 inepta
1387 2019 1432 2083 si-

305 2123 444 2190 mulacra
468 2129 499 2191 et
524 2126 674 2210 figmenta
688 2127 810 2191 terrena
825 2127 984 2208 captiuum
999 2145 1108 2208 eorpus
1122 2127 1290 2191 insumas?
1311 2123 1433 2188 rectum
1442 2153 1468 2192 rs

305 2228 337 2292 te
348 2229 431 2292 Deus
443 2227 517 2294 fecit
532 2231 564 2294 et
579 2249 650 2294 cum
665 2231 766 2295 cetera
780 2230 930 2295 animalia
944 2249 1040 2313 prona
1055 2231 1140 2294 etad
1154 2231 1271 2294 terram
1285 2228 1350 2292 situ
1360 2243 1432 2289 uer·

305 2335 397 2415 gente
419 2332 562 2415 depressa
583 2335 662 2412 sint,
686 2334 746 2399 tibi
761 2333 906 2398 sublimis
921 2335 1023 2399 status
1039 2336 1071 2399 et
1086 2333 1126 2399 ad
1142 2332 1263 2398 caelum
1278 2333 1378 2414 adque
1392 2333 1433 2395 ad

306 2434 475 2501 Dominum
498 2455 606 2502 susum
627 2437 734 2502 uultus
758 2439 877 2502 erectus
900 2439 957 2502 est.
981 2436 1059 2503 illuc
1080 2439 1214 2512 intuere,
1236 2436 1314 2500 illuc
1328 2434 1433 2498 oeulos

306 2541 376 2604 tuos
390 2539 506 2624 dirige,
529 2541 562 2605 in
577 2540 717 2624 supernis
732 2540 835 2606 Deum
849 2559 969 2624 quaere.
1003 2544 1040 2606 ut
1066 2558 1167 2606 cerere
1191 2539 1299 2605 inferis
1322 2538 1432 2620 possis,

306 2644 346 2710 ad
360 2645 426 2710 alta
440 2647 472 2709 et
487 2646 631 2712 caelestia
645 2665 828 2730 suspensum
843 2648 950 2729 pectus
964 2645 1087 2711 adtolle.
1112 2645 1187 2729 quid
1208 2647 1240 2710 te
1262 2644 1433 2726 inlapsum
1442 2669 1471 2709 aa

306 2748 417 2813 mortis
432 2765 503 2812 curn
519 2751 659 2830 serpente
674 2768 766 2831 quem
786 2749 863 2815 colis
884 2751 1018 2816 sternis?
1040 2750 1116 2833 quid
1130 2750 1164 2815 in
1177 2750 1301 2814 ruinam
1314 2747 1433 2812 diaboli

305 2870 360 2934 per
381 2850 484 2936 ipsum
507 2853 539 2917 et
561 2871 631 2918 eum
646 2854 713 2935 ipso
728 2853 837 2919 cadis?
858 2853 1089 2919 sublimitatem
1103 2871 1193 2918 serua
1207 2871 1269 2935 que
1282 2852 1374 2916 natus
1389 2869 1432 2915 es.

306 2973 468 3039 perseuera
481 2954 556 3018 talis
571 2956 673 3037 qualis
689 2976 707 3021 a
721 2957 785 3022 Deo
801 2958 903 3023 faetus
918 2975 959 3021 es.
988 2977 1060 3023 eum
1074 2959 1159 3022 statu
1173 2955 1236 3021 oris
1251 2957 1283 3020 et
1297 2954 1433 3035 eorporis

306 3059 445 3124 animum
470 3060 562 3124 tuum
588 3061 700 3125 statue.
724 3063 761 3125 ut
787 3079 966 3146 cognoscere
993 3063 1094 3126 Deum
1109 3061 1224 3143 poesie,
1247 3062 1279 3124 te
1293 3060 1367 3124 ante
1381 3075 1432 3121 eo-

306 3179 426 3246 gnosce.
450 3161 588 3245 relinque
614 3163 697 3229 idola
723 3183 800 3245 quae
825 3165 980 3230 bemanus
1002 3183 1086 3230 error
1107 3164 1237 3230 inuenit.
1265 3162 1305 3227 ad
1331 3161 1469 3228 Douma

307 3265 498 3330 conuertere:
522 3284 614 3346 quem
630 3265 657 3329 si
672 3265 889 3348 inploraueris,
913 3268 1066 3333 subuenit.
1093 3266 1221 3332 'Christo
1236 3266 1325 3330 crede
1339 3283 1433 3346 quem

307 3367 502 3432 uiuifieandie
518 3387 554 3433 ao
568 3368 745 3452 reparandis
760 3370 849 3435 nobis
864 3373 951 3453 peter
976 3371 1074 3436 misit.
1096 3371 1217 3436 laedere
1243 3387 1347 3435 seruos
1373 3367 1434 3431 Dei

307 3473 339 3536 at
353 3469 469 3537 Christi
484 3473 747 3553 persecutionibus
773 3475 838 3539 tuis
864 3473 969 3539 desine
995 3492 1070 3556 quos
1096 3473 1195 3538 laesos
1220 3472 1300 3540 ultio
1327 3470 1433 3536 diuina

259 3677 296 3742 17
306 3574 486 3745 deffltest
501 3679 584 3745 enim
599 3681 681 3764 quod
695 3699 785 3746 nemo
799 3684 940 3749 nostrum
952 3683 1072 3767 quando
1083 3680 1323 3765 adprehenditur
1333 3677 1434 3744 reluc-
1443 3701 1472 3740 ro

306 3783 471 3850 taturnee
498 3803 530 3850 se
556 3786 703 3851 aduersus
732 3787 884 3853 iniustam
909 3787 1093 3854 uiolentiam
1122 3788 1260 3852 uestram
1289 3784 1434 3867 quamuis

414 3955 447 4008 10
463 3954 509 4009 Ex.
523 3955 566 4020 22,
579 3956 620 4010 20.
675 3958 708 4010 11
727 3957 769 4012 Ea
784 3959 808 4023 2,
822 3959 839 4013 8
852 3975 890 4027 sq.

359 4091 617 4162 dinterrogationes
630 4094 659 4150 R
726 4095 1008 4151 blicetcchicetdt
1088 4095 1250 4165 praestrigias
1263 4095 1303 4150 W
1369 4093 1433 4147 illas

306 4176 394 4232 ootS
460 4178 643 4234 deelarareS
711 4182 885 4237 7111111111Ι
955 4183 1055 4252 enon]
1066 4182 1166 4237 noller
1235 4181 1269 4235 10
1287 4163 1384 4235 domS

307 4264 340 4318 12
358 4265 543 4320 incurbatuso
613 4266 646 4319 15
664 4269 803 4337 captiuae
872 4268 1020 4337 eorporeR
1089 4268 1123 4322 18
1140 4268 1218 4322 deum
1230 4268 1276 4323 Ro
1341 4282 1434 4319 susum

305 4351 418 4420 scripsi,
437 4367 515 4406 suum
529 4351 643 4418 SRW¹‚
662 4355 740 4408 tunm
753 4355 803 4408 W‘
856 4355 890 4409 19
907 4355 980 4424 erige
997 4354 1077 4411 WRo
1137 4338 1201 4410 dom
1211 4355 1235 4411 S
1294 4353 1330 4407 22
1346 4353 1434 4420 ipsam

306 4437 334 4493 R
384 4438 555 4508 racemis
605 4441 788 4509 eognoscaslt
850 4442 1108 4510 lipotoriiliumo
1170 4441 1383 4496 30animooao

308 4529 424 4578 etnemo
439 4525 475 4579 W
525 4526 558 4579 31
577 4526 706 4580 iniustam
719 4543 769 4580 om.
784 4527 811 4580 V
