3242 5159
299 519 364 583 448
701 516 843 570 Caecilii
862 517 1023 586 Cypriani

301 673 413 756 phema
427 691 483 737 sua
498 673 746 756 praesumptione
762 672 918 755 purificati
934 672 1054 754 possint
1065 671 1200 754 Spiritus
1216 673 1315 738 saneti
1331 671 1431 757 gloria

300 776 468 842 reformari.
508 811 512 822 ·

673 969 802 1029 Libosus
818 986 837 1029 a
852 968 943 1046 Vaga
957 968 1051 1029 dixit:

247 1099 288 1161 30
341 1087 378 1151 ln
393 1085 554 1170 euangelio
566 1085 733 1163 Dominus
750 1102 817 1168 ego
833 1103 928 1164 sum,
944 1085 1060 1167 inquit,
1077 1086 1235 1150 ueritas.
1259 1104 1320 1150 non
1332 1085 1426 1150 dixit:

300 1209 356 1274 ego
371 1209 442 1255 sum
457 1191 654 1255 consuetudo.
678 1189 783 1271 itaque
809 1189 941 1254 ueritate
964 1187 1165 1255 manifestata
1187 1188 1276 1254 cedat
1300 1207 1428 1255 consue-
1451 1209 1466 1248 a

298 1292 375 1359 tudo
390 1293 532 1370 ueritati,
560 1297 597 1358 ut
619 1292 677 1357 etsi
700 1293 733 1356 in
755 1293 959 1374 praeteritum
981 1293 1051 1374 quis
1066 1292 1099 1357 in
1113 1292 1242 1358 ecclesia
1256 1293 1427 1360 haereticos

298 1415 360 1461 non
377 1396 568 1478 baptizabat,
591 1415 672 1460 nuno
688 1396 845 1478 baptizare
861 1395 999 1478 incipiat.
1205 1383 1207 1388 ’

637 1605 769 1666 Leuciua
784 1622 804 1665 a
819 1605 973 1666 Thebeate
990 1605 1086 1666 dixit:

246 1728 284 1791 ³1
342 1723 524 1788 Haeretioos
538 1722 734 1804 blasphemos
750 1722 849 1804 adque
864 1722 985 1805 iniquos
1001 1723 1105 1787 uerbis
1125 1722 1215 1787 uanis
1230 1723 1425 1805 decerpentes

298 1827 406 1892 sancta
428 1827 459 1892 et
484 1826 654 1892 adorabilia
680 1826 905 1910 scripturarum
931 1827 1026 1892 uerba
1051 1826 1251 1892 exsecrandos
1271 1844 1378 1892 censeo
1393 1828 1466 1891 etro

298 1929 367 1994 ideo
383 1931 596 1995 exorcizandos
611 1933 642 1996 et
657 1930 869 2013 baptizandos.

605 2141 765 2218 Eugeniua
781 2141 820 2202 ab
835 2142 1019 2202 Ammodera
1034 2143 1127 2204 dixit:

248 2259 288 2320 32
343 2259 385 2323 Et
400 2277 457 2343 ego
472 2259 529 2323 boe
544 2259 627 2323 idem
644 2276 749 2323 censeo
765 2259 934 2324 haereticos
949 2259 1152 2342 baptizandos
1167 2280 1242 2327 esee.

545 2471 627 2532 Item
642 2470 723 2531 alius
737 2471 827 2531 Felix
843 2487 862 2530 a
876 2471 1066 2532 Bemaceora
1082 2471 1178 2533 dixit:

247 2584 287 2645 33
342 2591 420 2656 Ecce
436 2589 561 2654 secutus
580 2587 758 2653 diuinarum
781 2588 1004 2670 scripturarum
1027 2589 1245 2654 auctoritatem
1267 2589 1465 2673 baptizas-1⁵

300 2693 354 2758 dos
379 2694 550 2758 haereticos
577 2710 643 2773 esse
669 2710 790 2770 censeo,
814 2692 868 2756 sed
891 2694 922 2755 et
944 2711 995 2757 eos
1018 2693 1071 2775 qui
1094 2691 1308 2758 schismaticos
1322 2692 1427 2775 bapti·

299 2799 382 2861 ratos
398 2815 431 2862 se
454 2816 519 2861 esse
541 2795 738 2862 contendunt.
763 2797 790 2860 si
806 2797 889 2861 enim
905 2797 1074 2862 secundum
1089 2799 1216 2862 cautum
1231 2796 1348 2862 Christi
1363 2796 1429 2878 pri·

299 2901 391 2965 uatus
407 2898 474 2964 fons
489 2902 592 2964 noster
607 2902 670 2975 cst,
693 2899 879 2983 intellegant
895 2901 998 2965 cuncti
1014 2900 1159 2965 ecclesiae
1174 2903 1296 2966 nostrae
1312 2899 1425 2964 aduer-

401 3107 419 3160 4
436 3107 475 3159 Io,
488 3106 529 3170 14,
544 3106 568 3158 6.

353 3280 443 3332 lsuae
453 3279 511 3346 (sua
521 3279 558 3348 L)
567 3277 862 3348 praesumptionum,
872 3293 936 3331 suae
945 3278 1186 3347 praesumptionev
1237 3279 1383 3348 possuutS

300 3364 389 3432 gloria
402 3366 457 3419 Lx
466 3373 492 3420 ct
504 3366 582 3420 codd.
596 3368 683 3435 Aua,
702 3366 817 3434 gloriam
831 3365 853 3420 S
858 3405 864 3428 ‚
884 3367 974 3434 gratia
985 3366 1029 3420 Au
1097 3367 1114 3419 3
1133 3366 1243 3434 libosus]
1256 3367 1391 3420 confessor
1403 3369 1433 3421 et

300 3454 403 3520 martpr
417 3453 445 3506 iu
457 3453 535 3506 nouis
547 3454 617 3507 areis
628 3453 734 3522 positus
746 3452 849 3505 libosus
865 3453 892 3506 V
940 3453 1022 3522 uaga]
1036 3468 1106 3522 gaua
1121 3454 1145 3504 T
1198 3453 1215 3506 5
1233 3454 1334 3507 ueritas
1346 3455 1388 3507 est
1400 3457 1433 3507 ut

300 3541 380 3606 (man.
393 3557 415 3594 c.
428 3555 449 3594 c.
463 3539 576 3593 ueritati
588 3541 653 3608 oea.)
669 3540 695 3593 V
787 3538 964 3592 manifestata
975 3539 1060 3594 ST²A
1073 3539 1122 3607 (cs.
1135 3538 1207 3608 dap.
1222 3540 1265 3593 leb.
1279 3540 1341 3604 III,
1354 3543 1379 3604 6,
1392 3542 1431 3608 9),

299 3628 446 3683 manifesta
457 3628 539 3681 LT¹v
608 3625 769 3680 consuetudo
782 3626 905 3694 ueritati]
918 3626 1094 3680 mansuetudo
1112 3627 1204 3694 itaque
1216 3627 1334 3680 uentate
1346 3627 1433 3680 mani-

300 3714 526 3769 festatacedatS
570 3713 640 3782 dut]
653 3713 782 3768 iustae'l'
823 3713 1084 3767 caraxaturae
1136 3714 1152 3765 7
1164 3712 1287 3781 baptizat
1297 3713 1330 3778 Τ,
1344 3713 1433 3781 bapti-

300 3804 364 3856 aaut
377 3801 401 3854 S
450 3800 584 3869 incipiant
597 3799 620 3853 S
678 3800 696 3854 8
713 3800 816 3853 leucius
830 3799 906 3854 SLT
917 3805 943 3852 et
955 3799 1032 3854 codd.
1046 3801 1134 3869 dap,
1152 3800 1239 3853 lucina
1252 3817 1281 3862 a,
1300 3799 1433 3854 confessor

300 3891 328 3941 et
341 3889 444 3956 martyr
457 3887 487 3940 in
499 3885 584 3939 iansti
596 3885 700 3955 positus
712 3885 816 3939 leucius
833 3885 859 3939 V
909 3885 1031 3939 thebeste
1045 3886 1112 3950 LV,
1131 3885 1297 3939 thanestel'
1345 3885 1433 3939 eini-

300 3989 352 4043 quo
365 3973 481 4027 uerboS
548 3973 637 4042 uanis]
651 3973 736 4028 uariis
748 3974 792 4028 Ao
864 3973 897 4026 11
916 3971 1115 4026 exorcidiandos
1128 3971 1162 4036 S:
1181 3973 1367 4040 resipiscentes
1379 3987 1399 4024 a.
1414 3971 1434 4028 l.

300 4060 366 4114 add.
382 4061 407 4111 Y
415 4064 478 4114 m.2
528 4059 706 4128 baptizandos
719 4077 776 4114 esse
792 4062 831 4115 To
903 4060 937 4114 13
955 4059 1104 4114 haereticos
1116 4059 1242 4114 uidelicet
1257 4061 1283 4111 T
1348 4059 1381 4112 14
1398 4058 1434 4112 ab

301 4162 424 4201 amacura
437 4147 477 4211 L,
497 4146 689 4204 abbamaeeora
704 4149 738 4210 T,
758 4148 792 4200 ab
804 4161 945 4200 amaccura
956 4147 1021 4214 Au‚·
1049 4147 1085 4213 cs.
1095 4146 1225 4200 Marcelli
1235 4146 1326 4211 Afric.
1339 4145 1435 4198 christ.

301 4236 322 4289 1
328 4251 355 4303 p.
366 4237 403 4288 95
455 4235 489 4288 15
506 4249 565 4287 ecce
577 4233 610 4296 S,
629 4236 657 4287 et
669 4234 726 4304 ipse
739 4235 819 4296 LTo,
840 4238 867 4287 et
880 4250 928 4302 ego
941 4233 999 4302 ipse
1012 4233 1150 4286 Boionius
1203 4233 1236 4286 16
1255 4233 1381 4300 quiseA

300 4321 486 4375 schismaticos
499 4321 532 4384 S,
552 4325 617 4387 aput
630 4320 683 4375 sch.
698 4321 809 4380 Luae.-
829 4322 866 4387 cs.
878 4326 947 4374 aaut.
959 4323 996 4374 72
1064 4319 1227 4388 baptizando
1240 4319 1279 4372 L¹
1354 4316 1387 4370 17
1405 4332 1436 4369 se

300 4424 350 4463 om.
365 4407 481 4461 swa
