3242 5159
507 547 691 617 Epistulae
708 546 821 603 XXXI.
840 565 862 604 c.
881 550 956 604 1-4.
1228 555 1292 620 559

208 705 290 786 Quid
317 704 401 769 enim
429 703 593 788 gloriosius
621 703 736 786 quidue
764 705 887 771 felicius
915 708 974 772 ulli
996 706 1155 773 hominum
1178 705 1321 791 poteras

164 829 201 875 ex
215 808 323 875 diuina
343 809 523 894 dignatione
545 809 721 894 contingere
743 828 838 892 qnam
860 809 942 876 inter
963 813 1045 895 ipsos
1068 812 1224 878 carnifices
1244 814 1292 878 in-

164 914 309 979 territum
331 912 469 978 confiteri
491 913 661 979 Dominum
682 913 794 991 Deum,
818 932 912 995 quam
933 914 1016 978 inter
1037 916 1204 981 saeuientis
1226 933 1294 982 sac·

166 1016 278 1083 culmis
304 1016 468 1098 potcstatis
490 1018 578 1082 uaria
599 1018 631 1082 et
653 1017 807 1099 exquisita
827 1019 983 1083 tormenta
1005 1017 1100 1083 etiarn
1122 1019 1240 1085 extorto
1263 1024 1294 1084 et

144 1120 338 1187 cercruciato
366 1122 398 1186 ot
427 1122 638 1187 excarnificato
672 1138 796 1205 corporo
826 1119 985 1186 Christum
1015 1121 1073 1186 Dei
1102 1121 1203 1187 filium
1234 1125 1294 1188 etsi

164 1224 326 1289 recedente
345 1224 399 1289 sed
413 1225 520 1289 tamen
535 1224 631 1290 libero
647 1225 760 1307 spiritu
775 1224 923 1304 confiteri,
947 1243 1040 1307 quam
1055 1225 1162 1292 relicto
1178 1226 1293 1291 mundo

164 1328 286 1394 caelum
313 1327 437 1412 petisse,
467 1347 561 1410 quam
588 1328 718 1393 desertis
745 1329 925 1395 hominihus
947 1329 1030 1394 inter
1051 1329 1178 1414 angelos
1201 1331 1293 1409 stare,

164 1451 259 1514 quam
285 1431 505 1515 inpedimentis
533 1431 675 1497 omnihus
703 1433 913 1499 saecularibus
941 1433 1042 1516 ruptis
1070 1433 1102 1498 in
1130 1436 1294 1516 conspectu

163 1535 222 1600 Ilei
250 1535 315 1600 iam
337 1553 369 1598 11
391 1534 525 1600 liberum
553 1535 672 1614 sistere,
701 1554 795 1617 quam
823 1538 954 1603 caeleste
981 1557 1113 1621 regnum
1140 1538 1206 1603 sinc
1228 1538 1294 1603 ulla

129 1638 359 1704 recunctatione
386 1639 528 1718 retinere,
556 1657 649 1721 quam
675 1640 828 1725 collegam
850 1641 1000 1723 passionis
1023 1660 1095 1706 cum
1116 1639 1239 1707 Christo
1260 1643 1294 1707 in

166 1742 282 1807 Christi
310 1742 434 1808 nomine
455 1742 574 1808 facturn
596 1742 703 1822 fuisse,
732 1763 825 1826 quam
847 1744 960 1810 iudicis
983 1746 1030 1810 sni
1054 1745 1161 1811 diuina
1183 1745 1294 1828 digna·

164 1846 248 1910 tione
276 1845 410 1911 iudicem
438 1846 557 1911 fectum
580 1845 684 1925 fuisse,
713 1866 808 1929 quarn
830 1849 1053 1914 inmaculatam
1075 1849 1293 1914 conscientiam

166 1950 204 2013 de
225 1948 411 2014 confessione
432 1950 568 2015 nominis
590 1953 771 2034 reportasse,
800 1970 893 2034 quam
914 1951 1059 2017 humanis
1081 1952 1112 2017 et
1134 1952 1293 2036 sacrilegis

164 2051 288 2135 legibus
303 2053 410 2118 contra
424 2053 517 2117 fidem
533 2072 593 2118 non
609 2055 776 2133 oboedisse,
799 2075 893 2137 quam
905 2055 1072 2121 ueritatem
1083 2073 1157 2120 uoce
1169 2055 1294 2139 publica

130 2178 156 2216 11
166 2156 375 2221 contestatum
404 2157 510 2236 fuisse,
542 2178 635 2241 quam
662 2159 764 2244 ipsam
791 2177 870 2242 quae
898 2161 936 2225 ah
965 2159 1107 2225 omnihus
1135 2159 1294 2224 metuatur

164 2259 321 2324 moriendo
349 2263 481 2327 mortem
510 2262 677 2347 subegisse,
708 2283 803 2346 quam
824 2265 1000 2348 peripsam
1022 2265 1153 2327 mortem
1175 2263 1293 2327 inmor-

163 2363 323 2428 talitatem
352 2367 548 2430 consecutum
576 2367 681 2445 fuisse,
710 2386 803 2449 quam
832 2367 975 2433 omnihus
1003 2367 1150 2432 saeuitiae
1176 2365 1293 2430 instru-

165 2468 280 2534 mentis
314 2469 570 2535 ercamifioatum·
595 2471 627 2535 et
656 2471 811 2535 extortum
841 2471 918 2553 ipsis
948 2471 1110 2536 tormentis
1139 2469 1294 2535 tormenta

165 2588 334 2652 superasse,
365 2591 459 2654 qnam
489 2572 633 2638 omnihus
663 2573 806 2639 dilaniati
837 2575 970 2656 corporis
1001 2572 1157 2639 doloribus
1186 2571 1294 2637 roboro

131 2673 263 2738 coanimi
290 2675 480 2740 reluctatum
509 2674 614 2755 fuisse,
643 2697 736 2760 quam
765 2678 946 2763 sanguinem
978 2696 1069 2742 suum
1092 2675 1293 2766 profluentem

165 2795 226 2841 non
246 2778 412 2856 horruisse,
441 2798 534 2861 quarn
562 2780 715 2864 supplicia
736 2801 792 2846 sua
813 2784 884 2863 post
905 2781 998 2846 fidem
1021 2799 1125 2845 amare
1147 2778 1293 2860 coepisse,

167 2898 260 2961 quam
282 2881 504 2947 detrimentum
525 2884 610 2949 uitae
632 2903 706 2949 suae
727 2887 838 2967 putare
859 2885 997 2949 uixisse?

209 2984 261 3050 Ad
274 2985 333 3051 hoc
347 2986 436 3057 enim¹
453 2987 606 3069 proelium
628 2989 717 3070 quasi
739 2989 873 3070 quadam
894 2989 972 3053 tuba
994 2987 1146 3071 euangelii
1169 2986 1219 3051 sui
1240 2985 1325 3050 nost

168 3086 281 3153 excitat
310 3089 461 3155 Dominus
492 3089 634 3165 dicendo:
669 3091 733 3173 qui
762 3091 850 3174 plus
882 3091 1021 3176 diligit
1050 3091 1200 3173 patrem
1229 3089 1297 3153 aut

269 3277 305 3331 24
322 3277 422 3332 nauh.
441 3279 483 3343 10,
501 3278 542 3333 37.
561 3279 602 3333 38

221 3447 237 3499 1
249 3447 366 3518 felicius]
380 3448 488 3503 facilius
499 3451 566 3519 va
658 3452 821 3506 2111111111.
837 3453 879 3520 Yp
968 3453 1025 3520 ipso
1037 3450 1169 3504 carnificis
1186 3449 1227 3517 Τμ

168 3533 323 3587 interritum
341 3535 375 3602 F,
398 3535 539 3591 interitum
560 3557 585 3601 ν,
608 3538 720 3592 interitu
735 3538 784 3607 Τμ,
805 3539 835 3592 iu
855 3538 936 3592 terris
951 3539 1019 3608 Ηρβ,
1039 3536 1112 3590 inter
1131 3535 1201 3588 ictus
1223 3535 1297 3588 coci.

170 3618 326 3690 Dionysius
337 3622 481 3688 Patauina,
501 3623 530 3677 in
546 3624 604 3692 ipso
625 3625 767 3678 interitus
866 3623 1016 3678 saeuientes
1027 3624 1083 3691 Fp,
1102 3621 1252 3675 scuidcntcs
1268 3619 1296 3682 Τ,

169 3706 320 3760 saeuientis
332 3710 390 3778 Hpo
487 3710 635 3764 saeculares
656 3713 805 3780 potestates
820 3713 871 3781 Τμ,
893 3709 1029 3779 popularis
1051 3707 1194 3778 potestatis
1212 3727 1229 3760 v

169 3791 378 3862 4peruariaH
467 3798 586 3866 ertotop
685 3801 714 3851 et
725 3813 775 3852 om.
793 3797 832 3866 V,·
845 3799 873 3850 ot
885 3797 1033 3851 excruciato
1045 3811 1093 3849 om.
1108 3813 1146 3863 μν
1240 3794 1299 3847 het

170 3893 220 3932 om.
239 3880 265 3934 V
359 3882 412 3946 etsi
429 3881 575 3951 recedente]
593 3883 828 3938 etsineeaedcntc
844 3883 871 3937 V
966 3865 1106 3952 9dffi‘ppv
1204 3880 1299 3934 iamne

170 3979 219 4018 om.
230 3982 249 4036 p
300 3967 465 4039 selibemm]
479 3968 589 4023 celerem
606 3970 632 4024 V
698 3969 733 4023 10
743 3969 942 4037 contactionep
998 3971 1117 4022 tcnerco
1174 3966 1207 4021 11
1220 3981 1299 4036 quam

170 4049 268 4106 iudicis
337 4053 482 4110 fuissem
495 4057 558 4127 de
622 4056 656 4109 14
666 4055 782 4126 legibus]
794 4055 903 4126 regibus
915 4072 933 4126 p
996 4055 1029 4109 15
1041 4055 1137 4124 ipseT
1185 4052 1299 4107 homini-

170 4135 271 4207 buspv
368 4142 499 4196 metuitur
510 4159 529 4212 p
626 4142 660 4195 17
677 4143 946 4214 1111111111Η9β
1045 4141 1078 4195 19
1095 4139 1194 4195 laniati
1209 4141 1234 4193 T

171 4222 351 4281 201uctatnm
365 4228 407 4297 Τμ
477 4231 806 4298 quamarcquarerm.2
884 4227 1120 4283 Videtn'mcntav
1190 4227 1334 4296 11111111,

171 4326 224 4364 non
236 4313 320 4369 exisse
331 4332 356 4381 o,
368 4331 421 4370 non
433 4316 533 4372 uixisse
549 4317 575 4370 V
583 4322 649 4372 teste
661 4316 790 4388 Rtpoltia
803 4316 900 4371 uicisse
916 4317 943 4370 V
951 4322 1010 4372 test.
1028 4316 1115 4372 Ocea.
1206 4315 1298 4370 2311-

171 4397 323 4453 hucFHT
397 4403 572 4471 quaedamH
645 4402 851 4457 24ercitatnos
866 4405 892 4456 Τ
962 4403 1098 4472 (1111111β1
1167 4403 1300 4472 pluspoet

171 4487 313 4558 matrcmp
