3242 5159
499 511 678 582 Epistulae
701 511 845 566 XXXVI.
865 528 886 567 c.
905 512 980 567 2-4.
1235 515 1300 580 575

174 629 279 738 culum
294 670 454 756 proprium
466 671 498 735 et
508 669 542 734 in
552 676 732 752 peruersum
746 667 934 734 instruentes
949 687 1004 750 pro
1019 668 1207 734 salutaribus
1220 668 1301 734 dila-

174 775 267 840 tionis
278 774 423 841 remediis
434 772 565 838 exitiosa
576 772 742 853 deposcant
750 770 817 834 illis
825 771 1004 854 properatae
1012 771 1300 838 communicationis

173 897 299 943 nenena.
318 895 416 959 neque
437 875 521 940 enim
541 873 695 939 credimus
716 872 783 937 sine
797 872 950 937 instinctu
964 873 1158 954 quorrmdam
1173 891 1300 939 ausuros

173 981 267 1045 fuisse
288 999 395 1045 omnes
414 981 481 1043 tam
494 977 670 1060 petulanter
684 975 746 1041 sibi
759 975 825 1040 iam
840 971 948 1060 pac'em
964 977 1132 1042 uindicare.
1156 978 1301 1044 nouimus

152 1083 425 1168 ecarthaginensis
446 1080 592 1146 ccclesiae
607 1080 709 1158 fidem,
733 1079 878 1144 nouimus
894 1079 1134 1164 iust'tutionem,
1157 1082 1301 1149 nouimus

172 1187 393 1252 humilitatem.
420 1185 503 1250 unde
523 1183 618 1250 etiam
637 1182 745 1248 mirati
765 1201 873 1248 sumus
888 1184 969 1267 quod
984 1185 1135 1266 quaedam
1150 1185 1231 1252 inter
1245 1211 1301 1253 uos

172 1310 228 1374 per
248 1291 411 1375 epistolam
433 1289 549 1354 iniecta
570 1287 677 1351 durius
698 1288 885 1366 notaremus,
911 1307 982 1352 cum
1005 1306 1141 1354 amorem
1162 1289 1302 1355 uestrum

174 1394 320 1459 mutuum
336 1395 367 1459 et
381 1392 544 1458 caritatem
566 1390 714 1474 exemplis
734 1390 850 1456 moritis
874 1390 1045 1474 reciprocae
1068 1392 1248 1458 adfectionis
1269 1394 1302 1458 in

175 1515 232 1563 uos
258 1497 397 1562 inuicem
424 1514 513 1578 saepe
536 1485 788 1577 conperissemus.
814 1495 938 1578 tompus
961 1496 1008 1560 est
1029 1495 1127 1581 igitur
1148 1497 1184 1560 ut
1207 1499 1302 1582 agant

144 1625 170 1664 ιο
178 1600 284 1666 delicti
299 1600 531 1682 paenitentiam,
546 1601 583 1663 ut
598 1599 728 1682 probent
743 1599 850 1681 lapsus
865 1599 914 1666 sui
930 1598 1077 1680 dolorem,
1093 1602 1129 1666 ut
1140 1601 1303 1667 ostendant

170 1706 397 1783 uerecundiam,
411 1705 448 1768 ut
459 1704 631 1768 monstrent
641 1702 866 1784 humilitatem,
878 1705 916 1769 ut
927 1703 1090 1770 exhibeant
1102 1705 1289 1770 modestiam

168 1811 204 1874 ut
224 1811 263 1876 de
282 1808 488 1874 submissione
508 1807 674 1889 prouocent
694 1807 727 1872 in
741 1826 773 1872 se
788 1807 848 1872 Dei
869 1807 1066 1873 clementiam
1081 1809 1114 1873 ot
1128 1808 1165 1874 de
1179 1810 1291 1876 honore

166 1912 270 1978 debito
291 1914 325 1978 in
339 1911 398 1977 Dei
420 1911 608 1976 sacerdotem
633 1910 759 1977 eliciant
780 1912 813 1975 in
829 1929 861 1974 se
876 1911 1016 1976 diuinam
1037 1911 1290 1993 misericordiam,

165 2017 288 2099 quando
313 2016 455 2081 meliores
481 2016 620 2098 ipsorum
646 2014 770 2080 litterae
794 2014 937 2094 luissent,
965 2015 991 2080 si
1012 2032 1067 2097 pro
1092 2015 1168 2098 ipsis
1189 2036 1294 2101 preces

130 2121 318 2185 ructantium
337 2119 516 2185 humilitate
535 2119 674 2202 ipsorum
695 2118 819 2184 adiutm
840 2116 981 2197 luissent,
1004 2120 1151 2202 qnoniam
1174 2122 1206 2184 et
1221 2118 1300 2186 faci-

164 2224 226 2288 lius
241 2223 418 2306 inpetratur
432 2222 514 2304 quod
528 2222 656 2305 petitur,
671 2223 792 2304 quando
807 2222 836 2286 is
847 2239 901 2303 pro
917 2238 976 2303 quo
991 2222 1110 2303 petitur
1126 2223 1299 2309 condignus

166 2329 214 2392 est
228 2329 264 2392 nt
278 2328 360 2411 qnod
376 2327 495 2410 pct'tur
509 2325 690 2408 inpetratur.

208 2430 296 2511 Quod
323 2433 428 2496 autem
455 2431 591 2514 pertinet
616 2431 655 2496 ud
678 2429 845 2495 Priuatum
868 2428 1134 2509 Lambesitmum,
1159 2449 1215 2513 pro
1242 2433 1326 2499 tuot

164 2553 249 2600 more
260 2535 373 2614 fecisti,
389 2537 443 2619 qui
455 2557 521 2601 rem
532 2534 620 2601 nobis
635 2535 796 2617 tamquam
813 2533 982 2598 sollicitam
996 2533 1140 2599 nuntiare
1154 2534 1294 2600 uoluisti.

131 2658 273 2704 soomnes
299 2639 382 2704 enim
408 2658 464 2704 nos
489 2641 578 2705 decet
602 2655 657 2720 pro
680 2655 804 2721 corporo
829 2637 926 2703 totius
951 2637 1108 2716 ecclesiae,
1133 2639 1222 2704 onius
1244 2659 1299 2722 per

168 2743 271 2807 uarius
295 2761 433 2824 quasque
453 2742 628 2825 prouincias
650 2741 791 2806 membra
812 2741 934 2825 digesta
949 2742 1031 2819 sunt,
1058 2741 1216 2808 excubare.
1244 2743 1298 2808 sed

169 2863 224 2910 nos
236 2845 332 2909 etiam
344 2847 417 2911 ante
428 2846 550 2912 litteras
561 2847 633 2911 tuas
644 2846 729 2910 fraus
740 2844 849 2910 callidi
858 2844 993 2910 hominis
1004 2845 1102 2911 latere
1112 2863 1173 2910 non
1184 2847 1295 2928 potuit.

169 2968 242 3014 nam
268 2969 339 3015 cum
366 2949 497 3014 antehac
518 2949 645 3032 quidum
658 2968 694 3013 er
715 2949 814 3032 ipsius
837 2949 993 3032 nequitiae
1017 2949 1139 3014 cohorte
1163 2950 1299 3016 uenisset

167 3052 347 3118 uexillarius
362 3054 484 3119 Priuati
498 3053 636 3119 Futurus
657 3071 694 3118 ac
713 3052 926 3118 fraudulenter
945 3053 1069 3118 litteras
1089 3073 1108 3118 a
1127 3053 1216 3119 nobis
1237 3053 1293 3119 eli·

133 3181 158 3221 a
170 3173 237 3220 cere
252 3159 384 3236 curaret,
398 3177 455 3222 neo
466 3159 535 3239 quis
547 3161 627 3222 osset
638 3157 733 3221 laturit
744 3175 800 3222 noc
811 3156 934 3222 litteras
947 3175 1022 3239 quas
1034 3156 1159 3222 nolebat
1170 3157 1297 3241 accepit.

168 3259 311 3340 optumus
326 3262 359 3325 te
373 3280 494 3343 semper
508 3261 584 3326 bene
600 3260 710 3326 ualere.

219 3496 434 3554 ldilationumo
501 3501 585 3554 diam
597 3516 674 3556 omo
742 3501 1086 3570 tharthaginiensisT(ni
1097 3517 1118 3555 a
1129 3500 1158 3566 l.)
1222 3500 1298 3555 noui·

169 3598 230 3636 mus
247 3583 322 3653 inst]
340 3585 457 3639 nominis
475 3585 707 3653 institutionemp
801 3587 951 3656 equorum
964 3603 1012 3654 ‹pco
1097 3569 1234 3642 internos
1252 3603 1299 3656 per

167 3671 276 3738 scripsi,
294 3671 412 3741 interper
430 3675 460 3736 Τ,
484 3671 631 3741 interprete
644 3691 699 3741 pao,
717 3673 747 3728 in
765 3677 793 3729 te
810 3689 887 3745 pero
968 3673 1123 3730 'liniectam
1136 3689 1183 3740 pao
1252 3689 1298 3727 no-

170 3758 256 3809 strum
274 3773 322 3827 <pao
390 3758 725 3827 11uom1eomonseronc
741 3777 767 3816 w
836 3761 870 3814 13
883 3758 1017 3814 sacerdote
1034 3760 1060 3814 V
1127 3759 1161 3814 14
1172 3758 1296 3828 quando].

169 3841 303 3908 Quantoo
371 3843 492 3914 iuisserp
560 3845 770 3901 si...iuissent
787 3862 838 3901 om.
852 3862 899 3916 ‹pw
969 3861 1015 3914 pro
1034 3861 1083 3898 om.
1100 3847 1125 3897 Τ
1192 3846 1225 3899 15
1243 3847 1297 3899 sta·

167 3928 238 3982 tium
252 3931 277 3981 T
326 3929 409 3984 luisse
424 3933 450 3983 T
502 3931 536 3985 16
548 3932 697 4000 inpetretur
713 3935 739 3986 T
786 3933 831 3987 his
845 3949 868 3986 w
920 3931 1060 4000 condignis
1076 3932 1102 3986 Τ
1135 3931 1296 4000 ‘18auteml

169 4016 249 4084 autp
311 4016 447 4084 pertineat
456 4033 504 4087 pso
566 4017 714 4086 primatum
726 4020 770 4082 1¹¹,
783 4019 930 4088 primamw
999 4016 1264 4089 iambesitanumpcc

170 4099 203 4151 19
221 4101 302 4170 more]
322 4117 409 4156 amore
426 4119 474 4172 cao
542 4103 578 4155 20
594 4102 671 4157 docet
685 4104 711 4157 Τ
777 4105 811 4158 22
830 4103 911 4158 calidi
924 4119 971 4174 pro
1016 4103 1074 4157 ·23
1091 4119 1154 4157 nam
1170 4120 1220 4158 oon.
1240 4121 1264 4158 w

168 4185 306 4240 uenissent
322 4203 347 4241 ao
416 4189 451 4243 24
467 4190 597 4258 priuatim
614 4207 662 4260 ‹pw
730 4190 839 4244 futurus
862 4191 892 4254 V,
910 4190 1060 4253 luhuosT,
1080 4192 1108 4243 et
1125 4189 1198 4244 furto
1216 4208 1264 4261 φιο

169 4269 210 4338 ac]
223 4274 251 4322 et
263 4272 303 4327 Vo
360 4273 542 4329 fraudolenter
556 4277 582 4330 Τ
636 4275 774 4344 eligereT
834 4277 970 4330 hbcurare
986 4276 1012 4329 Τ
1069 4275 1237 4345 260ptamus

169 4355 258 4410 ualere
274 4373 324 4412 oea.
346 4359 392 4430 Τφ
478 4361 590 4431 semper]
609 4361 639 4415 in
656 4361 762 4416 domino
779 4378 802 4415 o.
822 4391 856 4402 —
872 4361 1054 4416 Rescribentis
1077 4349 1147 4432 prof
1159 4363 1187 4415 et
1204 4347 1311 4416 diacon*

168 4441 267 4496 Renum
285 4445 491 4500 consistentibus
509 4447 635 4517 Cipriano
652 4449 746 4517 papati
762 4448 874 4518 explicit
894 4451 924 4514 Τ,
943 4465 992 4504 ora.
1012 4465 1067 4520 pec.
1087 4479 1119 4488 —
