3242 5159
343 505 407 570 588
741 500 889 556 Caecilii
907 500 1072 570 Cypriani

344 679 394 725 me
416 676 504 724 nosse
519 661 551 724 et
565 659 677 743 dignos
692 675 830 740 quosque
844 658 876 721 ct
889 656 1025 721 humiles
1041 657 1073 721 et
1087 656 1180 722 mites
1196 655 1235 722 ad
1251 657 1485 722 ecclesiasticae
1536 741 1540 748 Ι

343 762 621 828 administrationis
637 761 739 827 officia
754 779 945 843 promouere,
960 760 1016 825 ille
1030 760 1239 826 intercesserit
1253 781 1292 826 ne
1307 762 1359 843 qui
1370 765 1485 842 posset

343 867 476 950 expungi
489 884 566 930 neue
581 886 617 932 ca
632 885 710 948 quae
731 863 981 930 desideraueram
1003 865 1127 944 possent
1147 863 1330 948 diligentiae
1353 867 1484 930 uestrae

342 970 566 1053 examinatione
594 968 736 1046 discerni,
765 966 971 1033 comminatus
993 966 1037 1031 sit
1058 967 1155 1032 etiam
1183 966 1339 1032 iratribus
1359 968 1483 1032 nostris

343 1075 396 1156 qui
417 1073 512 1157 primi
533 1074 666 1157 expungi
688 1073 879 1137 accesserant
900 1071 1065 1152 potentatu
1086 1069 1214 1153 inprobo
1230 1073 1262 1134 et
1276 1072 1391 1135 terrore
1407 1072 1506 1136 nio-s

342 1177 426 1242 lento
455 1177 537 1259 quod
559 1195 664 1241 secum
685 1176 719 1240 in
741 1177 841 1240 morte
864 1193 924 1240 non
947 1175 1210 1266 communicarent
1233 1175 1286 1257 qui
1308 1174 1398 1238 nobis
1422 1175 1485 1238 ob·

342 1282 516 1364 temperare
539 1279 719 1345 uoluissent.

243 1413 249 1426 ·
314 1383 333 1445 ²
385 1382 523 1466 Cumque
550 1385 621 1465 post
647 1383 722 1448 haec
749 1383 854 1448 omnia
882 1399 938 1446 neo
965 1382 1025 1446 loci
1054 1383 1116 1447 mei
1145 1383 1257 1448 honore
1285 1383 1390 1446 motus
1422 1400 1483 1446 nec

342 1488 446 1553 uestra
473 1486 657 1552 auctoritate
678 1487 710 1551 et
731 1486 906 1567 praesentia
932 1485 1050 1552 fractus
1079 1485 1229 1551 instinctu
1257 1503 1313 1550 suo
1335 1483 1481 1568 quietem

342 1589 477 1655 fratrum
504 1589 633 1655 turbans
660 1589 848 1674 proripuerit
876 1607 909 1654 se
935 1609 1007 1654 cum
1034 1589 1187 1672 plurimis,
1215 1577 1325 1655 ducem
1347 1608 1380 1655 se
1402 1588 1511 1654 lac-ro

342 1694 437 1758 tionis
458 1695 490 1758 et
511 1693 670 1759 seditionis
692 1693 863 1777 principem
885 1694 1049 1760 temerario
1071 1692 1173 1760 furore
1195 1696 1371 1760 contestans
1385 1731 1431 1742 —
1444 1695 1479 1758 in

343 1815 403 1880 quo
423 1797 548 1880 quidem
569 1797 710 1880 gratulor
725 1797 877 1880 plurimos
891 1796 1004 1862 fratres
1019 1797 1058 1863 ab
1074 1797 1141 1863 eius
1163 1797 1292 1863 audacia
1314 1799 1481 1862 recessisse

343 1903 375 1965 et
397 1900 486 1965 uobis
513 1900 708 1982 adquiescere
736 1900 885 1965 maluisse
908 1902 944 1964 ut
965 1919 1036 1965 cum
1058 1901 1186 1966 ecclesia
1211 1901 1312 1966 matre
1333 1921 1479 1966 remane-

342 2007 412 2070 rent
433 2005 465 2068 et
487 2003 642 2087 stipendia
669 2004 736 2068 eius
764 2003 906 2088 episcopo
936 2003 1132 2089 dispensante
1159 2004 1363 2088 perciperent,
1394 2008 1479 2087 quod

342 2109 468 2191 quidem
490 2109 521 2172 et
535 2108 652 2172 ceteros
674 2126 730 2190 pro
752 2109 836 2172 certo
859 2109 922 2174 scio
945 2127 1016 2173 cum
1038 2126 1112 2192 pace
1134 2107 1271 2173 facturos
1293 2109 1325 2172 ct
1347 2108 1412 2173 cito
1436 2109 1476 2173 ab
1488 2131 1513 2168 rr

342 2230 442 2276 errore
456 2211 620 2277 temerario
635 2228 806 2277 recessuros
822 2211 1014 2294 -interim,
1031 2231 1103 2278 cum
1114 2211 1328 2300 Felicissimus
1344 2213 1478 2276 commi-

341 2316 433 2380 natus
461 2316 504 2379 sit
531 2332 591 2379 non
620 2313 955 2388 communicaturosin
977 2317 1076 2380 morte
1104 2334 1209 2381 secum
1232 2317 1285 2396 qui
1307 2315 1397 2379 nobis
1421 2315 1479 2380 oh·

343 2418 567 2500 temperassent
596 2416 699 2482 idest
723 2414 800 2504 [qui]
826 2417 1097 2498 communicarent,
1132 2418 1265 2501 accipiat
1287 2419 1477 2483 sententiam

396 2709 528 2762 lnossem
545 2707 633 2764 occo.
726 2712 754 2762 et
766 2725 815 2763 om.
830 2709 893 2780 ΖμοΙ
985 2723 1088 2778 quoqne
1099 2708 1211 2778 Ζμφηυ
1306 2710 1334 2761 et
1345 2707 1474 2777 humiles]

345 2795 461 2849 humiles
473 2795 499 2848 Z
565 2795 775 2864 ipromouerem
789 2795 904 2850 Oscae
961 2795 1009 2850 ille
1020 2798 1048 2849 et
1060 2796 1086 2848 Z
1141 2795 1201 2864 quis
1213 2795 1301 2865 Ζμνυ,
1313 2793 1380 2863 qnid
1391 2811 1441 2864 poc

345 2881 450 2950 tineus]
463 2897 497 2933 ne
509 2881 621 2951 uelrpw,
633 2896 667 2934 ne
678 2881 704 2934 Z
769 2880 988 2935 desidorancrunt
1000 2899 1034 2936 an
1048 2899 1095 2953 ceo
1164 2883 1290 2951 possete»
1357 2881 1474 2949 diligen—

343 2968 400 3021 tiae
411 2967 530 3064 umtrpe]
542 2967 671 3036 diligenti
682 2984 747 3039 pro,
760 2967 906 3038 diligentia
917 2968 945 3021 Z
1031 2969 1267 3023 dexaminationis
1279 2969 1305 3021 Ζ
1390 2968 1475 3021 ctiam

343 3052 382 3106 sit
399 3068 423 3116 r,
440 3053 479 3106 sit
491 3070 517 3106 er
528 3069 553 3106 eo
622 3054 800 3125 hexpugnipr
871 3055 1046 3125 accesserant]
1060 3054 1263 3108 arcessebantur
1272 3069 1313 3124 pr·
1380 3057 1474 3124 poten·

342 3138 415 3192 tiata
427 3140 476 3203 T',
488 3139 611 3208 potentia
625 3142 718 3194 tamen
729 3158 762 3206 w,
774 3142 945 3210 potentatum
959 3141 989 3204 Ζ,
1003 3157 1086 3211 coac
1155 3139 1276 3210 improba
1287 3157 1321 3209 w,
1334 3139 1432 3210 probro
1443 3141 1474 3198 Z.

344 3240 432 3296 camp
526 3228 555 3280 et
567 3242 653 3280 errore
665 3227 697 3292 Z,
709 3229 825 3281 eterrorc
840 3229 866 3282 Τ
959 3227 1018 3282 tiu
1031 3229 1116 3281 morte
1132 3227 1162 3290 Τ,
1175 3227 1205 3282 in
1215 3229 1329 3281 mortem
1342 3226 1374 3294 Z,
1387 3231 1473 3282 morte

343 3329 399 3382 φιυ,
420 3312 500 3366 immo
521 3315 553 3366 nt
573 3315 662 3366 tecum
680 3329 703 3378 r,
728 3313 810 3367 immo
830 3312 906 3366 uitae
921 3334 954 3384 μ,
976 3313 1004 3366 in
1023 3315 1114 3367 monte
1134 3331 1166 3381 c;
1189 3313 1224 3380 cs.
1237 3313 1369 3383 Retthery
1385 3313 1466 3382 ΟΨ.

340 3415 371 3467 p.
384 3403 439 3455 100
518 3414 571 3453 non
583 3415 633 3454 orn.
646 3415 672 3453 w
751 3399 950 3469 obtemperasse
966 3399 1009 3470 Τμ
1092 3399 1246 3453 8honorcm
1261 3401 1293 3463 T,
1304 3414 1352 3453 nec
1364 3399 1473 3453 honoris

342 3485 395 3540 mei
407 3485 434 3539 Ζ
517 3488 593 3540 motu
604 3487 635 3550 Z,
648 3487 738 3540 metus
749 3503 774 3539 w
861 3501 909 3540 nec
921 3503 971 3540 cm.
984 3505 1016 3556 φ,
1029 3501 1077 3540 nec
1089 3489 1178 3539 motus
1194 3486 1242 3540 Yw
1331 3485 1472 3554 Sirectns]

340 3573 452 3626 funem
464 3589 512 3640 cro
606 3571 738 3626 instincto
753 3572 785 3635 Τ,
796 3572 933 3627 instructu
945 3573 975 3636 Ζ,
989 3572 1019 3626 in
1030 3572 1191 3626 instinctor
1292 3573 1326 3626 10
1337 3572 1472 3642 plurimis]

341 3659 441 3728 plumis
456 3660 502 3727 Τφ
570 3657 663 3713 ducem
675 3659 713 3729 se]
726 3657 818 3714 ducem
831 3659 901 3730 Ζμν,
918 3657 1030 3713 ducente
1046 3659 1076 3722 Τ,
1087 3659 1213 3713 ducentes
1229 3679 1260 3727 φ,
1271 3657 1400 3713 ducentos
1413 3677 1438 3712 ro

343 3745 376 3800 11
388 3747 554 3799 contestatus
565 3761 591 3798 w
678 3745 711 3798 12
723 3761 775 3813 qno
787 3761 874 3813 ceap
961 3744 1107 3814 plurimum
1120 3744 1217 3799 iratres
1233 3745 1262 3809 Τ,
1277 3744 1375 3798 iratres
1387 3745 1472 3814 pluri·

341 3847 399 3886 mos
411 3832 438 3886 Z
529 3831 564 3885 ab
576 3830 645 3899 eins]
657 3831 741 3885 habes
756 3832 788 3895 Τ,
800 3830 931 3885 habentes
944 3831 1013 3901 Zpr,
1027 3830 1124 3886 abhoc
1135 3849 1153 3886 c
1245 3829 1386 3886 audaciam
1396 3848 1437 3902 μτ

342 3917 494 3972 recessisset
508 3919 534 3973 Τ
623 3917 657 3971 13
668 3917 805 3988 maluisse]
819 3918 906 3986 magis
917 3933 976 3972 esso
987 3920 1013 3970 Z
1103 3919 1134 3970 ut
1146 3933 1196 3972 cm.
1209 3919 1240 3982 Z,
1254 3918 1322 3972 ct'T
1401 3917 1471 3986 cnm]

341 4019 403 4059 cum
415 4003 445 4057 in
455 4025 486 4074 μ,
499 4019 579 4072 quom
591 4004 648 4058 inr
726 4005 813 4057 matre
826 4019 876 4057 om.
889 4006 930 4057 Zr
1009 4003 1043 4058 14
1054 3986 1117 4073 epiv
1109 4003 1295 4072 dispensante
1306 4019 1333 4058 rc
1411 4019 1471 4071 per·

342 4092 466 4158 ceperant
479 4109 509 4158 φ,
528 4090 697 4160 perceperint
709 4106 741 4154 w,
760 4089 931 4144 retraherent
942 4092 1005 4160 Zpr
1104 4090 1138 4144 16
1149 4089 1293 4144 temerario
1311 4105 1361 4144 om.
1375 4091 1438 4159 Ζμν

342 4174 463 4245 interim]
476 4175 575 4230 iterum
588 4193 636 4246 φιο
705 4176 893 4246 comminatus]
907 4178 1118 4231 communicatus
1130 4191 1155 4229 w
1230 4175 1263 4230 17
1276 4174 1314 4229 sit
1326 4191 1376 4230 cat.
1390 4191 1437 4242 cao

341 4261 438 4329 morte]
449 4264 541 4316 monte
555 4262 586 4327 Τ,
599 4264 718 4316 montem
730 4266 756 4315 Ζ
835 4263 921 4317 sicum
933 4279 957 4317 w
1035 4263 1082 4332 qui
1093 4278 1143 4317 osa.
1160 4263 1216 4326 Tro,
1228 4262 1287 4330 sip
1367 4257 1473 4316 obtem-

341 4361 448 4415 perasse
460 4349 486 4400 Z
575 4347 649 4402 lii-id
662 4349 713 4418 est]
726 4348 797 4402 idem
809 4351 869 4419 φμι
966 4349 1023 4418 qui]
1037 4349 1085 4418 qui
1097 4349 1175 4403 nobis
1187 4351 1274 4420 Ζμη,
1287 4347 1401 4418 quinon
1413 4365 1439 4402 rc

340 4432 475 4501 accipiant
491 4434 545 4499 Τφ,
558 4434 687 4502 accipiam
699 4452 732 4499 w,
746 4435 850 4504 accepit
862 4434 887 4488 Z
890 4435 936 4498 Vr,
950 4435 1081 4504 accipitp
