3242 5159
492 538 672 609 Epistulae
688 538 808 593 lxxv.
827 555 848 592 a
866 539 943 593 6-9.
1212 539 1277 605 815

30 728 33 731 ·
151 718 279 765 manum
295 696 461 782 inponendi
476 699 507 763 et
521 696 682 761 ordinandi
697 694 855 778 possident
869 696 1073 783 potestatem.-
1083 692 1275 759 haereticum

18 816 21 856 ῑ
152 803 236 868 enIm
251 802 334 867 stout
348 800 489 866 ordinare
503 818 564 865 non
578 800 652 865 licet
666 816 722 863 nec
736 818 865 863 manum
879 798 1033 882 inponere,
1050 798 1096 862 ita
1105 816 1161 863 nec
1171 797 1275 879 bapti·

21 956 25 961 .
154 924 223 971 aare
243 924 299 970 nec
322 906 488 988 quicquam
509 904 612 969 sancte
628 904 659 968 et
674 901 860 985 spiritaliter
879 921 994 986 gerere,
1014 901 1138 984 qnando
1158 901 1276 966 alienus

155 1010 197 1075 sit
212 1008 376 1092 aspiritali
389 1008 421 1071 et
435 1006 543 1071 deifica
557 1006 731 1071 sanctitate.
748 1003 830 1088 qnod
844 1006 948 1071 totum
961 1022 1017 1069 nos
1030 1006 1096 1070 iam
1109 1004 1229 1087 pridem
1244 1004 1277 1069 in

18 1132 29 1156 ··
131 1112 258 1179 ciconio
273 1112 327 1195 qui
341 1110 496 1195 Phrygiae
510 1110 596 1175 locus
611 1111 659 1175 est
674 1108 796 1175 collecti
811 1108 845 1172 in
859 1126 956 1173 anum
971 1107 1225 1173 conuenientibus
1240 1125 1276 1171 er

21 1274 29 1281 .
154 1214 280 1281 Galatia
301 1216 333 1279 et
347 1213 456 1279 Cilicia
476 1214 508 1279 et
527 1213 636 1278 cetone
657 1212 805 1296 proximis
826 1211 1005 1295 regionibus
1026 1210 1278 1276 confirmanimus

17 1344 35 1385 ,·.
153 1318 321 1383 tenendum
337 1317 443 1382 contra
457 1316 627 1381 haereticos
643 1314 776 1380 firmiter
791 1317 824 1380 et
838 1313 1070 1392 uindicandum,
1087 1332 1159 1380 oum
1173 1332 1193 1378 a
1207 1314 1277 1395 qui-

17 1450 32 1492 ;
154 1422 285 1487 busdam
300 1420 338 1485 do
353 1420 416 1485 ieta
429 1439 462 1485 re
478 1418 682 1485 dubitaretur.

17 1588 28 1597 .
199 1502 252 1589 nt
269 1524 414 1607 quoniam
442 1521 615 1604 supernus
645 1522 677 1587 or
705 1522 758 1603 qur
788 1521 838 1586 int
867 1521 1063 1587 carnemt
1091 1516 1307 1585 enemente

17 1681 19 1687 .
121 1651 148 1691 ιο
157 1627 370 1694 dimissionem
395 1628 591 1708 peccatorum
617 1628 650 1691 et
675 1624 840 1689 secundam
865 1623 1066 1690 natiuitatom
1088 1623 1122 1689 in
1143 1623 1278 1689 haereti-

25 1802 31 1809 ,
155 1750 260 1798 corum
275 1729 429 1812 baptisma
443 1746 531 1811 posse
545 1729 717 1810 procedere,
733 1728 816 1809 apud
827 1745 904 1810 qnos
915 1726 1011 1791 ettam
1021 1726 1083 1808 ipsi
1094 1726 1279 1791 confitentur

155 1835 301 1920 spIritum
317 1836 458 1899 sanctum
473 1850 533 1897 non
548 1850 624 1911 esse,
648 1832 841 1897 considerent
855 1831 887 1895 et
900 1830 1089 1915 intellegant
1103 1830 1277 1912 spiritalem

16 1992 27 2022 ,
155 1938 355 2005 natiuitatem
370 1937 436 2002 sine
451 1936 564 2020 spiritu
579 1952 645 2000 esse
659 1950 720 1999 non
734 1952 834 2018 posse,
849 1934 1017 1999 secundum
1031 1933 1114 2015 qnod
1126 1934 1157 1998 et
1168 1934 1278 1999 beatus

17 2088 32 2127 r:
156 2041 313 2124 apostolus
325 2040 442 2105 Paulus
457 2056 507 2104 eos
519 2038 572 2121 qni
584 2037 623 2103 ab
634 2038 769 2103 Iohanne
782 2037 934 2121 baptizati
948 2035 1081 2114 fuerant,
1097 2036 1278 2119 priusquam

18 2192 23 2200 .
118 2170 143 2210 is
155 2144 267 2208 missus
279 2145 358 2209 esset
369 2162 388 2207 a
398 2141 531 2207 Domino
546 2140 674 2224 spiritns
689 2143 825 2219 sanctus,
842 2139 1016 2223 baptiuauit
1031 2138 1129 2203 denuo
1143 2139 1280 2220 spiritali

21 2330 27 2337 .
154 2247 308 2331 baptismo
329 2248 360 2313 et
375 2247 419 2312 sic
433 2246 478 2311 eis
492 2264 619 2311 manum
634 2244 773 2326 inposuit
786 2245 824 2308 nt
840 2243 1013 2325 acciperent
1027 2242 1175 2325 spiritum
1190 2260 1278 2307 sano-

17 2400 26 2426 ,.
155 2350 233 2414 tum.
260 2349 353 2431 quale
373 2350 421 2414 est
443 2352 548 2416 antem
570 2349 606 2412 ut
622 2368 693 2413 cnm
708 2347 843 2412 Paulum
864 2349 935 2428 post
954 2346 1100 2411 Iohannis
1120 2345 1279 2428 baptisma

17 2439 26 2493 ἓ
152 2452 265 2517 iterato
291 2453 460 2535 discipulos
490 2470 561 2517 suos
591 2451 763 2535 baptizasse
793 2450 966 2527 uideamus,
996 2467 1051 2515 nos
1080 2449 1211 2531 eosqui
1238 2449 1277 2513 ab

154 2554 273 2621 haeresi
293 2556 333 2621 ad
352 2554 513 2621 ecclesiam
534 2554 664 2619 ueniunt
684 2556 755 2635 post
775 2552 932 2618 inlicitam
946 2555 978 2616 et
992 2551 1152 2635 profanam
1173 2570 1278 2618 eorum

118 2657 336 2723 intinctionem
371 2658 526 2740 baptizare
561 2656 762 2722 dubitemus?
797 2656 858 2721 nisi
893 2655 921 2719 ei
954 2656 1004 2721 his
1040 2654 1190 2737 episcopie
1224 2656 1278 2737 qui

16 2753 20 2762 '
154 2779 235 2825 nuno
254 2760 355 2825 mmor
375 2760 437 2825 fuit
452 2760 580 2838 Paulus,
602 2761 638 2823 ut
652 2758 686 2823 hi
701 2758 827 2841 qrridem
846 2758 967 2840 possint
986 2777 1041 2841 per
1055 2758 1153 2824 solem
1168 2776 1278 2825 manns

16 2856 23 2939 Ῐ
154 2862 371 2945 inpositionem
385 2862 582 2928 uenientibus
595 2862 759 2928 haereticis
774 2862 848 2927 dare
863 2862 1010 2944 spiritam
1025 2863 1178 2939 sanctum,
1194 2862 1277 2927 Pau·

16 2963 24 2974 '
154 2965 204 3031 lua
225 2969 331 3031 autem
345 2966 473 3031 idoneus
488 2984 548 3031 non
563 2965 659 3030 fuerit
674 2965 727 3047 qui
743 2965 782 3031 ab
798 2966 934 3030 Iohanne
949 2964 1117 3046 baptizatis
1131 2964 1277 3047 spititnm

155 3073 295 3135 sanctum
320 3090 375 3153 per
399 3088 509 3135 manus
534 3069 752 3151 inpositionem
781 3068 878 3147 daret,
904 3068 965 3134 nisi
992 3084 1044 3133 eos
1069 3069 1157 3150 prius
1183 3068 1278 3133 etiam

16 3179 19 3185 '
120 3194 146 3236 ss
157 3174 301 3239 ecclesiae
320 3173 476 3255 baptismo
492 3173 689 3255 baptizasset.

16 3262 25 3356 [
198 3278 417 3359 illudquoque
433 3274 1122 3357 absurdumquoduonputantqnaerendum
1132 3274 1309 3357 assequtus

17 3368 22 3395 ⁷
154 3379 198 3443 sit
217 3378 272 3444 ille
288 3380 340 3462 qui
355 3378 571 3463 baptiuauerit‚
594 3395 629 3443 eo
644 3378 726 3461 quod
740 3378 793 3460 qui
809 3377 986 3459 baptisatus
1000 3378 1043 3443 sit
1060 3378 1194 3461 gratiam
1208 3394 1279 3443 con-

20 3472 23 3477 ’
156 3482 243 3564 sequi
258 3483 395 3565 potuerit
405 3482 548 3547 inuocata
560 3481 702 3547 trinitate
714 3482 875 3547 nominum
886 3482 985 3565 patris
996 3480 1098 3545 attilii
1109 3482 1141 3545 et
1152 3480 1279 3563 spiritus

16 3584 24 3603 ⁵
157 3585 264 3649 sancti.
282 3584 391 3650 deinde
406 3585 480 3650 haec
495 3585 554 3650 erit
569 3584 721 3666 sapientia
734 3602 829 3667 quam
844 3584 954 3650 scribit
968 3584 1087 3649 Paulus
1102 3602 1168 3650 esse
1182 3584 1214 3648 in
1229 3584 1278 3647 his

16 3681 22 3692 '
120 3712 145 3753 eo
156 3687 209 3770 qui
230 3688 358 3771 perfecti
379 3690 462 3767 sunt,
485 3690 521 3753 nt
542 3689 595 3771 qui
616 3690 664 3753 est
679 3688 712 3752 in
728 3687 857 3753 eoeleste
870 3687 1025 3771 periectas
1040 3688 1073 3752 et
1087 3687 1207 3769 sapiens
1221 3686 1280 3752 hoc

206 3944 364 3999 lmanulil
372 3945 491 4013 (manum
507 3943 540 4013 Q)
626 3942 789 3998 haereticos
873 3943 940 4013 eet]
953 3959 1001 3998 nec
1011 3960 1036 4007 o,
1048 3945 1097 3997 ant
1108 3942 1246 3999 Manliae

17 4046 19 4078 s
152 4032 170 4084 4
182 4030 261 4100 quod]
275 4046 326 4099 quo
342 4030 366 4101 Q
450 4031 467 4084 6
479 4030 603 4101 galathIa
615 4031 636 4085 Ι
717 4034 745 4084 et
756 4030 847 4085 cilicia
855 4046 935 4085 osteo
966 4058 969 4067 ·
1021 4030 1246 4101 11qu0s1quoo

17 4136 18 4165 ;
155 4117 190 4170 13
200 4116 386 4187 natiuitatem]
398 4118 427 4171 in
439 4116 615 4205 hereticcrmn
628 4116 765 4204 baptisma
776 4116 846 4205 “Q
857 4117 906 4204 ᾗ
905 4132 966 4184 cap.
978 4133 1013 4171 aa
1025 4120 1045 4171 2
1138 4118 1172 4170 14
1183 4118 1279 4186 paulus
1375 4118 1379 4125 '

17 4233 18 4255 1
153 4202 324 4270 apestolusl
453 4204 487 4257 15
498 4220 543 4272 sps
556 4202 688 4257 scsadno
703 4203 893 4267 Iv‚adnoecs
906 4202 959 4272 EQ
1089 4202 1183 4271 ilioni
1194 4202 1279 4271 W,

16 4307 20 4342 2
152 4287 250 4356 quibus
262 4289 313 4343 EI
314 4289 361 4359 θ’,
380 4288 412 4343 de
430 4288 527 4357 quibus
545 4290 614 4344 cossi.
629 4290 778 4359 Pometiae,
800 4289 928 4358 quisunt
939 4290 1006 4343 coeit
1019 4288 1129 4356 Routh;
1150 4289 1199 4343 sed
1210 4288 1280 4341 nibal

17 4384 18 4387 ’
151 4374 315 4429 mmortdmo
391 4376 599 4445 asperomonte
676 4376 795 4449 .Inuoca
806 4376 959 4429 triuitatem
970 4376 1022 4430 ΕΙ
1091 4374 1126 4430 29
1140 4373 1283 4443 oquamM

17 4508 18 4514 ,
151 4475 248 4515 acrae.
261 4466 352 4529 (quam
368 4462 400 4532 Q)
512 4462 547 4517 30
558 4464 590 4518 ut
601 4462 662 4531 quis
675 4462 702 4527 1,
713 4464 743 4516 at
755 4462 816 4531 quis
825 4462 962 4517 Cauchius
1069 4460 1128 4529 hoc]
1141 4459 1189 4528 qui
1200 4457 1279 4514 hoco
