3242 5159
413 559 417 564 .
442 514 488 568 Ad
506 513 728 566 Fortunatum
746 513 851 581 preci.
871 527 892 565 c.
911 511 987 565 2-5.
1257 513 1322 578 319

123 691 128 700 ·
197 672 270 738 sica.
294 671 366 736 inde
395 687 483 735 aures
513 669 687 754 erigantur,
709 669 781 734 inde
810 670 1005 735 instruantur
1034 669 1169 747 mentes,
1191 668 1263 734 indo
1292 668 1324 732 et

198 776 295 841 animi
310 776 341 839 ot
356 773 490 856 corporis
505 773 588 837 uiros
604 773 643 837 ad
659 790 781 837 omnem
802 772 953 854 passionis
968 772 1166 838 tolerantiam
1180 771 1324 836 roboren-

198 881 259 945 tur.
282 895 337 944 nos
352 877 476 942 tantum
498 875 552 957 qui
573 875 705 941 Domino
720 875 921 956 permittento
934 875 1072 958 primum
1087 875 1244 957 baptisma
1259 893 1324 940 ore-

199 981 344 1048 dentibus
365 981 506 1045 dedimus
531 978 570 1044 ad
596 978 682 1044 alind
707 996 828 1060 quoque
854 978 992 1062 singulos
1017 997 1234 1060 praeparemus
1249 977 1326 1042 insi-

165 1107 177 1146 s
200 1088 329 1152 nuantcs
352 1087 384 1150 et
405 1084 547 1148 docentes
562 1083 618 1148 hoc
634 1100 698 1146 esse
713 1081 869 1164 baptisma
883 1083 916 1146 in
931 1081 1033 1165 gratia
1046 1082 1163 1159 mains,
1186 1080 1217 1146 in
1240 1081 1327 1163 pota·

200 1191 282 1255 state
305 1187 486 1264 sublimine,
508 1186 541 1250 in
567 1186 679 1251 honore
693 1185 875 1267 pretiosius,
898 1185 1055 1267 baptisma
1079 1186 1113 1250 in
1137 1203 1197 1267 quo
1225 1183 1328 1268 angeli

201 1292 377 1375 baptizant,
401 1290 556 1373 baptisma
570 1289 603 1354 in
618 1307 679 1370 quo
693 1289 777 1354 Dens
793 1290 825 1353 et
840 1287 983 1354 Christus
1003 1289 1069 1353 eins
1090 1288 1245 1365 exultent,
1270 1286 1328 1352 ba-

201 1395 318 1478 ptisma
332 1394 402 1476 post
416 1392 498 1475 quod
513 1410 602 1457 nemo
617 1392 682 1457 iam
702 1393 826 1474 peccet,
850 1392 1007 1475 baptisma
1023 1392 1104 1475 quod
1119 1391 1191 1458 fidei
1205 1392 1328 1457 nostrae

202 1499 392 1564 incrementa
408 1498 617 1575 consummat,
633 1496 791 1579 baptisma
805 1497 886 1579 quod
901 1514 957 1562 nos
971 1497 1010 1562 do
1025 1497 1140 1562 mundo
1155 1496 1330 1562 recedentes

167 1603 313 1668 rostatim
335 1602 400 1666 Deo
424 1599 555 1682 copulat.
579 1599 612 1665 in
634 1619 731 1682 equae
752 1601 908 1682 baptismo
928 1600 1122 1683 accipiuntur
1135 1601 1331 1682 peccatorum

204 1706 350 1784 remissa,
373 1705 407 1768 in
433 1704 592 1786 sanguinis
619 1722 729 1770 corona
754 1705 918 1770 uirtutum.
942 1704 1155 1787 amplectenda
1175 1724 1224 1769 res
1239 1703 1333 1768 estet

205 1807 339 1893 optanda
353 1809 385 1872 et
400 1807 543 1871 omnibus
554 1807 800 1889 postulationum
811 1810 988 1872 nostrarum
1000 1807 1144 1889 precibus
1155 1805 1331 1890 expetenda,

204 1911 310 1993 utqui
326 1912 408 1976 serui
423 1911 482 1975 Dei
497 1909 614 1975 fuimus
630 1911 728 1976 simus
745 1911 776 1974 et
791 1911 893 1976 amici.

249 2014 286 2078 In
302 2013 498 2078 exhortandis
513 2013 617 2095 itaque
633 2032 669 2080 ac
683 2013 826 2096 parandis
841 2013 991 2079 fratribus
1014 2015 1127 2079 nostris
1150 2016 1182 2079 et
1205 2013 1363 2081 uirtutist

171 2143 196 2182 n
206 2136 242 2182 ac
256 2116 329 2182 fidei
344 2116 493 2182 firmitate
508 2118 547 2182 ad
562 2118 759 2198 praeconium
774 2117 948 2182 dominicae
964 2117 1161 2182 confessionis
1176 2116 1275 2198 adque
1295 2115 1335 2181 ad

206 2220 357 2303 proelium
368 2221 590 2302 persecutionis
605 2223 637 2286 et
651 2220 802 2303 passionis
814 2221 971 2286 armandis
985 2221 1087 2304 primo
1103 2220 1135 2285 in
1149 2220 1215 2285 looo
1231 2217 1336 2285 dicon-

207 2325 282 2389 dum
297 2325 361 2389 ost:

309 2462 335 2527 Ι.
359 2462 449 2528 Idola
464 2463 536 2527 deos
551 2480 612 2528 non
627 2482 692 2528 esse
708 2481 785 2544 qnae
799 2463 891 2529 homo
907 2463 968 2528 sibi
983 2463 1077 2527 faciet
1087 2499 1130 2508 —
1140 2463 1338 2544 nequeenim

360 2584 437 2647 quae
463 2564 543 2629 fiunt
568 2563 683 2630 factore
703 2584 758 2631 suo
780 2567 810 2630 et
835 2565 1019 2632 fabricatore
1039 2565 1157 2630 maiora
1171 2567 1259 2645 sunt,
1282 2548 1339 2632 aut

361 2668 522 2752 protegere
545 2669 576 2732 et
597 2687 720 2734 seruare
741 2687 928 2751 quemqnam
956 2670 1084 2753 possunt
1111 2689 1190 2752 quae
1211 2671 1280 2753 ipsa
1301 2671 1339 2735 de

363 2771 489 2854 templis
517 2773 581 2836 suis
606 2774 753 2855 pereunt,
775 2773 837 2838 nisi
855 2773 901 2845 ab
916 2773 1040 2838 homine
1055 2774 1215 2839 seruentur
1228 2810 1271 2820 -
1285 2774 1340 2839 sod

363 2894 419 2940 nec
434 2875 587 2941 elementa
602 2876 728 2941 colenda
744 2895 809 2942 esse
823 2896 902 2960 queo
917 2877 1036 2942 homini
1050 2878 1219 2943 secundum
1235 2878 1340 2962 dispo·

365 2978 509 3044 sitionem
524 2980 556 3045 ot
570 2982 769 3063 praeceptum
784 2981 843 3046 Dei
858 2981 1006 3046 seruiunt.

298 3081 340 3146 Π.
365 3081 540 3146 Destructia
575 3083 667 3148 idolis
697 3085 727 3148 et
757 3085 979 3150 elementorum
1019 3085 1137 3151 ratione
1172 3085 1342 3152 monstrata

179 3209 204 3250 a
365 3186 588 3251 ostendendum
603 3188 705 3252 Deum
717 3189 819 3253 solum
834 3189 995 3254 colendum
1010 3208 1084 3256 osso.

279 3287 337 3353 Ill.
363 3289 450 3354 Tunc
465 3289 640 3355 addendum
655 3309 732 3373 quae
755 3291 955 3357 comminatio
977 3293 1035 3358 Dei
1058 3294 1101 3358 sit
1122 3293 1270 3360 aduersus
1292 3311 1343 3360 eos

366 3393 420 3475 qui
435 3392 528 3458 idolis
543 3395 725 3461 sacrificant.

269 3615 587 3671 lbistrneuturmente·
600 3617 628 3672 R
679 3621 894 3690 diminuentes]
907 3621 1070 3675 instruentes
1086 3621 1114 3676 V
1170 3606 1295 3677 suisa

216 3702 395 3758 Siemnamo
408 3703 445 3757 M
517 3704 551 3758 10
568 3707 662 3775 aquae]
675 3722 743 3775 qnae
756 3707 784 3762 R
849 3708 982 3777 accipitur
994 3709 1074 3764 MRo
1125 3710 1346 3779 211sanguinis]

217 3788 351 3857 baptismo
364 3789 429 3844 add.
443 3790 490 3843 M·
503 3796 529 3844 et
541 3791 679 3846 Betucius
743 3797 847 3848 estora
862 3794 955 3848 MRB
1018 3796 1052 3848 12
1069 3796 1229 3864 expectende
1240 3796 1296 3852 RB

218 3874 252 3928 13
270 3875 370 3930 fuimns
388 3875 554 3943 WMRBV,
574 3895 698 3934 sumuso
768 3881 802 3934 14
820 3881 947 3950 parandis
964 3881 1140 3948 WM¹RBV‚
1158 3884 1348 3954 praeparandis

217 3961 281 4016 M'o
334 3962 456 4032 uirtutis]
470 3964 595 4018 ueritatis
603 3965 738 4029 Marde.
752 3967 814 4021 loa
828 3969 861 4023 2:
880 3967 994 4021 unitatis
1048 3969 1083 4023 15
1095 3968 1303 4026 firmitatemdl

219 4045 253 4100 ad
265 4047 418 4117 preconium
431 4063 465 4102 ex
476 4050 600 4119 preconio
613 4052 650 4106 M
659 4055 727 4106 m.2
796 4052 832 4106 ad
851 4054 983 4123 proelium
1004 4072 1039 4110 ec
1061 4056 1163 4126 proelio
1185 4057 1222 4110 Μ
1231 4061 1297 4112 m.2

220 4133 253 4188 16
272 4133 458 4191 secutionisR
538 4137 679 4192 etmaM
761 4139 897 4208 passionis
910 4141 948 4196 M
956 4142 1086 4199 alm
1166 4144 1299 4202 inauli

220 4219 254 4274 18
267 4218 362 4275 facito
415 4221 793 4292 undequessecus
846 4225 1075 4284 fabricatorcmR
1125 4231 1210 4300 soor]
1223 4233 1300 4287 anto

220 4303 256 4358 22
273 4305 340 4374 esse]
358 4322 415 4360 esse
432 4307 491 4361 uice
509 4307 618 4363 deornm
636 4310 664 4365 R
682 4317 708 4364 et
730 4311 817 4366 Oxou.
905 4312 940 4367 23
957 4314 1002 4369 dei
1019 4319 1048 4370 ct
1068 4319 1239 4388 praeceptum
1262 4317 1350 4372 deser·

221 4389 300 4444 uiunt
314 4392 342 4446 B
393 4391 428 4446 24
445 4393 616 4453 rationemR
679 4397 713 4452 26
730 4397 880 4453 addendum
894 4416 951 4454 csse
964 4402 1000 4455 M
1057 4403 1092 4457 27
1110 4404 1301 4461 sacrificensR
