3242 5159
385 512 446 577 808
782 508 929 563 Caecilii
945 508 1107 579 Cypriani

384 666 415 729 et
426 664 563 730 inuenire
579 666 677 747 adque
692 682 798 729 eruere
813 665 988 731 dentatam.
1007 685 1080 730 nem
1095 666 1122 729 ei
1138 665 1178 730 ed
1193 666 1320 733 diuinae
1335 668 1503 732 traditionis

383 770 475 850 ceput
500 770 531 833 et
551 768 702 852 originem
727 769 929 846 reuertamur,
953 771 1054 833 oessat
1074 786 1158 833 error
1180 768 1336 835 humanus
1360 772 1394 835 et
1414 789 1504 835 saon·
1562 805 1563 854 3

384 872 557 935 mentorum
579 870 759 935 caelestium
775 870 896 935 ratione
911 872 1071 953 perspecta
1085 872 1238 953 quidquid
1252 873 1311 937 sub
1328 874 1463 959 ealigine
1474 893 1504 936 ao

382 974 462 1039 nube
487 973 686 1039 tenebrarum
709 973 875 1039 obscurum
889 972 1009 1039 latebat
1028 974 1063 1039 in
1077 973 1180 1039 lnoem
1195 976 1343 1041 ueritatis
1359 977 1503 1060 aperitur:

383 1078 419 1141 ut
438 1078 464 1142 si
487 1076 603 1141 uenalis
629 1094 741 1157 aquam
763 1076 882 1141 duoens
905 1076 958 1157 qui
981 1076 1102 1157 copiose
1127 1077 1214 1158 prius
1236 1080 1269 1141 et
1283 1079 1419 1163 largiter
1440 1096 1518 1161 pro-r

382 1179 498 1245 fluebat
519 1178 622 1245 subito
641 1177 775 1255 deficiat,
799 1194 899 1243 nonne
912 1179 951 1242 ad
966 1178 1084 1243 iontem
1099 1179 1250 1261 porgitur,
1272 1181 1312 1243 nt
1326 1179 1399 1245 illio
1411 1180 1502 1245 defeu-
1563 1197 1564 1232 1

385 1283 480 1349 tionis
499 1282 577 1347 ratio
593 1282 748 1359 noscatur,
772 1282 918 1345 utrumne
932 1282 1142 1346 arescentibus
1157 1281 1247 1346 uenis
1261 1283 1296 1347 in
1312 1284 1419 1366 eapite
1431 1283 1502 1347 unda

384 1386 546 1451 siooauerit
571 1404 610 1450 au
636 1402 708 1449 uero
733 1385 856 1467 integra
880 1382 953 1447 inde
978 1386 1011 1448 et
1032 1384 1122 1465 plena
1147 1402 1331 1467 procurrens
1357 1386 1392 1450 in
1412 1386 1502 1451 medio

383 1488 493 1553 itinere
509 1488 673 1564 destiterit,
690 1489 726 1551 ut
737 1486 764 1551 si
776 1486 854 1550 uitio
868 1486 1035 1567 interrupti
1051 1487 1106 1551 aut
1116 1485 1217 1551 bibuli
1231 1489 1355 1553 naumis
1370 1488 1502 1553 ellectum

384 1594 513 1673 estque
539 1591 641 1655 minus
668 1607 747 1671 aqua
772 1589 918 1654 continua
943 1590 1173 1672 perseueranter
1194 1608 1230 1653 ao
1250 1592 1375 1674 iugiter
1396 1592 1526 1668 fluenta

383 1692 497 1759 reiecto
518 1695 548 1757 et
570 1692 749 1757 confirmato
772 1691 872 1756 cunali
893 1691 933 1755 ad
955 1710 1046 1756 usum
1069 1693 1168 1773 adque
1183 1693 1223 1758 ad
1238 1698 1352 1777 potum
1378 1694 1503 1759 unitatis

362 1811 462 1879 'aqua
488 1796 617 1861 oolleota
638 1795 746 1860 eadem
770 1794 911 1859 ubertate
934 1794 1033 1877 adque
1057 1794 1240 1879 integritate
1264 1800 1502 1880 repraesentetur

384 1917 445 1981 que
459 1897 497 1962 de
509 1896 593 1963 fonte
608 1896 835 1979 proficiscitur?
849 1897 931 1978 quod
946 1900 978 1963 et
993 1916 1074 1962 nuno
1088 1896 1187 1963 lauare
1202 1902 1327 1981 oportet
1339 1901 1401 1965 Dei
1415 1919 1502 1965 seoer·

383 2001 470 2067 dotee
495 2002 656 2083 praecepta
681 2000 788 2065 diuina
813 2003 981 2079 seruantes,
1009 2003 1045 2065 ut
1064 2002 1092 2065 si
1111 2001 1144 2067 in
1165 2002 1270 2084 aliquo
1296 2005 1501 2069 nntaueritot

383 2104 579 2171 uacilleuerit
594 2104 717 2187 ueritas,
734 2105 766 2169 et
776 2104 816 2168 ed
827 2104 978 2188 originem
993 2104 1181 2170 dominiorum
1194 2107 1227 2170 et
1241 2105 1282 2171 ad
1297 2108 1525 2190 euangelimne

382 2210 481 2290 adque
503 2208 703 2289 apostolicam
724 2208 925 2273 traditionem
944 2209 1138 2273 reuertamur
1160 2211 1193 2273 et
1207 2208 1280 2273 inde
1294 2213 1410 2294 surgat
1423 2213 1500 2275 aetus

384 2312 481 2375 nostri
496 2312 575 2375 ratio
591 2310 671 2375 undo
687 2312 718 2375 et
733 2311 806 2376 ordo
822 2314 855 2376 et
869 2312 955 2395 origo
969 2311 1113 2376 surrexit.

336 2424 370 2486 11
428 2412 591 2479 Traditum
612 2416 660 2479 ost
676 2414 758 2479 enim
773 2414 958 2496 nobisquod
973 2414 1109 2479 situnne
1125 2416 1208 2479 Deus
1224 2419 1257 2481 et
1272 2415 1420 2482 Christus
1432 2432 1500 2479 nnus

385 2518 491 2581 etune
514 2536 583 2597 spes
605 2518 636 2580 et
651 2516 727 2581 fidos
750 2534 811 2581 uua
827 2519 859 2581 et
872 2536 936 2581 uns
957 2517 1087 2583 ecelesia
1100 2518 1132 2582 et
1147 2517 1310 2601 baptisma
1332 2538 1433 2585 unum
1451 2534 1500 2581 non

384 2620 444 2685 nisi
460 2622 567 2685 inune
588 2620 716 2685 ecelesia
736 2620 950 2698 constitutum,
971 2638 991 2685 a
1004 2640 1067 2703 qua
1081 2619 1225 2709 [unitate]
1241 2625 1376 2705 quisque
1398 2624 1524 2688 moues

383 2724 459 2789 serit
486 2743 554 2788 eum
582 2723 742 2789 haereticis
768 2742 890 2789 neeesse
914 2726 962 2789 est
986 2724 1173 2803 inueniatur,
1200 2744 1279 2808 qnos
1303 2725 1385 2791 dum
1410 2728 1501 2790 eontra

384 2827 544 2891 eeclesiam
570 2826 719 2903 uindicat,
746 2830 974 2892 sacramentum
995 2828 1120 2893 diuinae
1143 2828 1323 2893 traditionis
1351 2830 1501 2912 inpugnat.

383 2930 470 2994 ouius
487 2930 617 2994 unitatis
633 2930 859 2993 sacramentum
875 2947 1049 3012 expressum
1066 2931 1209 2996 uidemus
1226 2930 1323 2995 etiam
1338 2933 1374 2995 in
1389 2930 1497 2995 eunuco

384 3033 572 3097 cantieorum
600 3050 635 3096 ex
660 3049 788 3115 persona
810 3030 927 3097 Christi
954 3032 1100 3097 dicentis:
1123 3034 1263 3097 hortus
1285 3034 1499 3105 conclusus,

383 3153 491 3201 soror
526 3155 620 3218 mee,
663 3154 819 3218 sponsa,
862 3136 947 3201 lons
985 3137 1181 3221 signatus,
1218 3140 1362 3219 puteus
1399 3154 1526 3219 aqnaoe

488 3365 523 3419 24
542 3364 618 3421 Cant.
637 3366 661 3429 4,
681 3365 724 3420 12.
743 3367 785 3421 13.

438 3582 556 3634 leruere
569 3581 600 3633 io
613 3595 715 3634 comere
727 3596 796 3635 corr.
813 3582 843 3645 Τ,
856 3580 1004 3634 discernere
1020 3580 1048 3633 V
1163 3580 1258 3634 diuina
1270 3584 1299 3634 et
1310 3582 1340 3635 P
1456 3576 1503 3630 liu

386 3684 435 3722 om.
453 3667 475 3722 0
588 3667 674 3721 lucem
690 3666 713 3722 0
829 3668 890 3720 5nt
902 3682 951 3719 om.
970 3666 1009 3721 Co
1122 3653 1317 3735 aquamlaoc
1428 3663 1503 3717 dicem

385 3770 448 3821 erp.
466 3754 488 3809 Ο
584 3752 631 3820 qni
644 3739 713 3807 corr.
727 3752 758 3804 iro
770 3753 877 3819 quaed*
972 3751 1125 3805 lnosoatur
1141 3752 1165 3807 0
1174 3768 1190 3805 o
1204 3768 1266 3806 exa
1365 3750 1476 3807 uenitP

386 3838 456 3893 unde
469 3838 502 3901 L,
516 3854 566 3891 orn.
584 3838 606 3893 0
724 3836 881 3891 9destitnit
898 3838 921 3892 0
1031 3836 1073 3907 ut]
1086 3840 1114 3891 et
1126 3840 1159 3891 ut
1171 3837 1198 3893 L
1209 3842 1237 3891 et
1249 3855 1270 3893 s.
1282 3838 1301 3892 l.
1419 3836 1503 3902 1oqno

387 3922 488 3990 minus]
502 3922 620 3976 cominus
635 3922 662 3975 P
804 3923 1006 3991 perseueranter
1017 3922 1143 3977 oontinue
1158 3924 1182 3979 C
1326 3922 1432 3992 plueret
1446 3920 1475 3975 0¹

389 4008 420 4060 11
433 4006 492 4077 adq.
511 4007 554 4077 ad]
573 4022 657 4075 aquae
674 4007 708 4061 ad
721 4008 755 4072 Β,
778 4006 837 4076 edq.
857 4024 893 4062 ex
904 4007 1061 4076 edequeeo
1213 4010 1247 4063 12
1259 4006 1478 4079 squamoso

387 4093 537 4146 ubertatem
555 4094 636 4157 (W,
650 4093 817 4147 libertateB
918 4092 1005 4161 adque
1015 4093 1176 4163 integritate
1187 4110 1238 4149 our.
1251 4094 1280 4148 B
1385 4095 1418 4148 13
1428 4106 1501 4146 moer·

387 4178 449 4232 dote
461 4179 487 4232 L
601 4179 866 4233 renueremus
972 4179 1009 4249 et]
1022 4182 1054 4231 ut
1067 4180 1094 4233 L
1203 4180 1369 4249 luetone]
1382 4176 1502 4235 adulte

388 4268 417 4317 et
427 4280 451 4317 o.
469 4263 492 4318 0
598 4264 631 4318 16
643 4264 736 4333 adque]
749 4266 817 4321 otO
923 4265 957 4319 18
968 4265 1046 4318 nobis
1058 4282 1126 4319 unus
1142 4266 1166 4322 G
1267 4266 1301 4320 19
1312 4282 1367 4320 una
1378 4260 1475 4318 fiderB

387 4348 499 4404 ecelesia
512 4366 581 4403 corr.
594 4351 625 4404 in
637 4350 761 4404 ecelesiae
776 4352 802 4406 T
941 4336 1094 4405 munitate
1105 4368 1155 4406 our.
1168 4352 1194 4405 L
1333 4348 1476 4421 quisquiso

387 4438 421 4490 21
435 4452 500 4503 quos
515 4460 554 4489 m
567 4436 593 4489 L
704 4437 738 4491 24
749 4440 824 4491 ortus
837 4437 916 4493 BOL
1025 4438 1059 4492 25
1072 4453 1168 4507 sponsa
1178 4453 1238 4491 mos
1253 4437 1278 4492 G
1384 4428 1501 4505 puroet
