3242 5159
488 500 666 570 Epistulae
683 496 822 555 LXXVI.
841 502 958 561 cst-7.
1218 502 1282 568 833

162 654 341 744 triumphus
362 659 395 723 in
409 659 539 741 pectore,
564 676 814 741 unumquemque
835 658 975 723 nestrum
995 656 1135 722 staro-ad
1149 656 1281 740 promis·

162 758 232 829 sum
247 763 305 828 Dei
326 762 512 846 praemium·
536 762 573 827 de
596 761 704 826 iudicii
727 760 777 827 dio
800 777 867 826 esse
891 780 1042 838 murum,
1069 760 1228 825 ambulare
1249 759 1282 825 in

160 866 287 932 metallo
308 866 429 949 captiuo
450 866 721 948 quidemcorpore
742 864 795 929 sed
817 864 906 930 corde
920 864 1078 948 regnante,
1100 863 1178 927 scire
1192 860 1282 927 chri·

160 970 245 1035 stum
275 986 377 1034 secum
405 986 470 1033 asse
496 969 688 1051 praesentem
718 966 906 1053 gaudentem
932 966 1098 1032 tolerantia
1122 983 1282 1031 seruorum

138 1090 286 1137 asnorum
307 1089 362 1154 per
380 1071 516 1155 uestigia
531 1072 562 1136 et
577 1071 646 1136 uias
661 1090 733 1137 suas
748 1071 787 1135 ad
801 1089 898 1154 regna
912 1072 1037 1135 aeterna
1051 1068 1282 1153 gradientium?

115 1228 118 1235 .
158 1174 328 1259 expectatis
354 1174 466 1239 cotidie
488 1174 565 1239 laeti
586 1174 783 1256 profectionis
808 1176 931 1239 nestrae
954 1173 1124 1237 salntmem
1146 1172 1230 1236 diem
1252 1172 1284 1234 et

159 1278 223 1343 iam
244 1276 367 1359 iamque
385 1276 424 1341 de
439 1276 560 1343 saeculo
580 1277 729 1343 recessuri
744 1279 782 1343 ad
799 1278 972 1360 mamyrum
992 1294 1120 1341 munera
1135 1276 1167 1340 et
1181 1273 1282 1339 domi-

160 1380 233 1447 cilia
255 1380 362 1446 diuina
384 1380 566 1464 properatis,
589 1383 659 1465 post
680 1381 736 1445 has
759 1379 870 1446 mundi
889 1380 1033 1447 tenebras
1056 1379 1154 1445 uisuri
1175 1377 1282 1444 candi·

160 1482 324 1549 dissimam
346 1485 448 1549 lucem
468 1485 500 1549 ot
520 1485 675 1569 accepturi
699 1484 849 1553 maiorem
872 1484 1064 1567 passionibus
1087 1482 1230 1548 omnibns
1251 1484 1284 1546 et

127 1574 152 1643 io
162 1584 441 1653 conflictationibus
456 1586 630 1653 clantatem
646 1588 783 1672 apostolo
798 1588 991 1654 antestante
1005 1588 1037 1651 et
1052 1586 1189 1652 dicente:
1211 1604 1283 1650 non

160 1696 249 1756 sunt
277 1690 489 1776 condignae
510 1691 713 1775 passiones
735 1690 851 1756 huius
872 1690 1062 1774 temporis
1084 1689 1129 1754 ad
1151 1708 1282 1771 super-

62 1858 71 1887 ,
160 1790 363 1860 uantursm
378 1794 604 1860 claritatem
620 1814 715 1877 quae
729 1794 979 1860 reuelabitnr
993 1794 1031 1859 in
1045 1793 1165 1859 nobis.
1191 1792 1283 1876 plane

160 1896 234 1979 quia
254 1916 334 1963 nunc
355 1897 443 1962 uobis
458 1898 491 1963 in
505 1897 648 1982 precibus
669 1897 820 1964 efficacior
841 1916 940 1963 sermo
961 1900 1009 1963 est
1024 1898 1056 1962 et
1071 1896 1111 1962 ad
1125 1896 1282 1979 inpetran-

160 2000 237 2065 dum
252 2002 333 2083 quod
348 2000 381 2065 in
395 2002 547 2085 pressuris
562 2002 680 2085 petitur
694 2002 815 2068 facilior
829 2003 926 2067 oratio
941 2004 998 2080 est,
1014 2001 1113 2085 petite
1127 1999 1285 2083 inpensius

129 2122 154 2163 ιι
166 2104 198 2169 et
213 2104 319 2188 rogate
335 2106 371 2168 ut
386 2104 606 2171 confessionam
628 2107 767 2171 omnium
782 2108 923 2172 nostrum
937 2105 1076 2189 <lignatio
1091 2102 1199 2169 diuina
1214 2120 1285 2169 oon-

165 2208 311 2286 summet,
326 2208 364 2272 ut
378 2207 417 2273 de
431 2208 501 2273 istis
516 2200 652 2273 tenebris
668 2211 700 2274 et
714 2208 834 2291 laqueis
849 2207 959 2274 mundi
973 2226 1029 2273 nos
1044 2226 1164 2290 quoque
1180 2207 1284 2272 uobis-

162 2328 234 2374 oum
257 2311 393 2395 integros
415 2311 447 2376 et
469 2294 618 2397 gloriosos
633 2314 717 2377 Deus
739 2311 861 2391 liberet,
885 2313 921 2377 ut
942 2312 995 2394 qui
1016 2310 1067 2375 hic
1090 2309 1230 2375 mutatis
1252 2310 1284 2374 et

162 2413 248 2499 pacis
268 2414 392 2479 uinculo
413 2415 548 2497 copulati
570 2417 676 2480 contra
694 2415 920 2480 haereticorum
936 2415 1066 2479 iniuriam
1080 2415 1113 2479 et
1127 2431 1285 2497 pressuras

164 2518 331 2606 gentilium
351 2518 446 2581 simul
467 2518 611 2583 stetimus
632 2519 748 2602 pariter
767 2520 800 2584 in
820 2519 924 2604 regnis
944 2518 1128 2584 caelestibus
1148 2517 1285 2602 gaudea-
1363 2564 1367 2572 1

129 2611 245 2687 amus.
268 2622 340 2705 opto
361 2638 426 2699 uos,
447 2620 619 2687 beatissimi
639 2641 675 2687 ac
695 2622 859 2688 fortissimi
879 2622 990 2688 fratres
1010 2622 1043 2686 in
1059 2620 1190 2687 Domino
1209 2620 1286 2684 bone

165 2726 269 2789 ualere
285 2726 316 2790 et
330 2724 428 2789 nostri
443 2742 563 2806 semper
577 2726 608 2790 et
623 2726 737 2808 ubique
752 2726 940 2793 meminisse.
954 2725 1065 2791 caleto.

265 2936 299 2991 10
317 2936 391 2991 Rom.
410 2938 435 3002 8,
454 2938 495 2992 18.

264 3131 388 3187 aiudicii
400 3132 452 3203 clio]
465 3132 564 3187 iudicio
576 3132 620 3187 dei
632 3133 678 3189 Nc
824 3133 891 3204 osse]
903 3135 932 3187 et
943 3131 972 3188 Β
1084 3136 1088 3147 “
1117 3130 1147 3185 in
1159 3146 1209 3185 ma
1223 3129 1252 3186 Β

159 3218 334 3287 3regnantes
345 3217 373 3273 Β
475 3219 597 3275 4secnm
610 3220 677 3289 asse]
690 3234 747 3275 csse
759 3236 819 3273 cum
831 3220 860 3275 Β
957 3221 1125 3287 praesentem
1135 3234 1185 3273 osa
1204 3216 1252 3272 GR

158 3303 274 3373 gaudere
285 3304 313 3359 R
416 3304 587 3359 tolerantiam
600 3305 721 3361 LMNP
829 3305 846 3359 5
858 3320 965 3360 snorum
978 3320 1029 3359 om,
1041 3304 1070 3359 Β
1172 3300 1285 3371 graues

159 3388 230 3443 tium
244 3405 279 3443 ea
291 3389 466 3459 gaudentium
482 3390 507 3447 0
606 3393 623 3447 6
636 3393 805 3460 expectantes
818 3407 852 3445 cc
864 3389 1071 3460 expectandist'
1166 3389 1287 3456 cxpecta-

158 3474 197 3528 tis
267 3477 372 3529 noemae
384 3491 434 3531 oon.
446 3475 475 3532 Β
577 3476 643 3531 laeti
655 3494 705 3532 om.
724 3477 753 3541 V,
768 3476 904 3531 aetitiam
919 3476 943 3532 G
1043 3473 1216 3544 professionis
1231 3472 1255 3529 O

160 3560 175 3614 1
190 3560 307 3631 iamque]
321 3578 388 3631 quae
400 3563 428 3619 R
557 3564 716 3633 martyrium
729 3564 763 3619 0¹
877 3562 1070 3632 8properestis
1082 3562 1110 3617 R
1143 3590 1147 3597 ·
1237 3560 1287 3613 lras

159 3664 210 3703 ona
223 3648 251 3704 Β
362 3649 394 3704 11
406 3649 539 3719 passionis
556 3651 628 3706 (ΡΜ
733 3651 766 3705 12
779 3649 944 3718 claritatem]
956 3648 1074 3719 gratim
1089 3648 1112 3703 O
1213 3645 1247 3701 13
1259 3649 1288 3699 ot

161 3750 211 3789 om.
225 3736 254 3791 P
368 3736 534 3805 imperantur
545 3737 574 3793 Β
693 3738 726 3791 15
737 3735 843 3805 diuina]
854 3735 974 3805 dignaC
1088 3734 1121 3788 16
1132 3733 1174 3802 ut]
1186 3734 1216 3787 et
1230 3732 1257 3787 V
1344 3741 1351 3764 ¹

163 3820 310 3877 essese
412 3806 543 3878 name
643 3816 780 3892 crepula
878 3820 1017 3891 espessa
1117 3819 1282 3887 acopos...

161 3907 514 3964 nemausensem
667 3896 765 3962 cairo
778 3907 942 3978 assassinis]
955 3889 1069 3961 iffi
1077 3905 1120 3970 ss,
1138 3903 1289 3958 masma

159 3996 250 4063 patres
268 3994 303 4049 N
452 4010 483 4049 ae
503 3993 647 4049 fortissimi
665 3994 699 4057 L,
724 4010 755 4048 ao
775 3993 949 4048 dilectissimi
967 3991 1045 4056 PRo,
1066 4008 1097 4045 sc
1118 3989 1288 4044 dilectissimi

160 4080 259 4135 iratres
271 4080 313 4146 M,
325 4096 374 4135 osa
388 4080 422 4135 N
549 4080 583 4134 21
596 4081 685 4133 nalete
697 4096 746 4133 om.
760 4079 839 4135 PRo.
853 4110 885 4120 -
898 4080 941 4134 Aa
952 4077 1082 4147 (Explicit
1093 4077 1128 4132 ad
1140 4076 1174 4141 P,
1188 4075 1287 4131 Caecili

163 4166 291 4236 Cypriam
309 4168 342 4221 sd
354 4168 400 4236 Μ)
411 4170 541 4237 martyras
552 4168 697 4236 (mmtyrm
709 4166 756 4234 Ml
768 4168 796 4221 et
808 4166 969 4221 confessores
982 4165 1022 4232 (in
1032 4164 1146 4219 metallo
1157 4162 1287 4217 mustita-

162 4253 206 4305 tos
223 4253 288 4307 auu.
301 4253 397 4324 LNP)
415 4252 525 4323 explicit
539 4255 602 4321 (om.
616 4254 655 4321 P)
666 4252 794 4315 LMNP,
810 4251 853 4307 Aa
864 4251 995 4322 (Explicit
1006 4250 1039 4305 ad
1052 4250 1085 4319 C)
1097 4247 1289 4305 Nemesianum

160 4338 189 4391 et
199 4340 301 4393 ceteros
314 4342 398 4407 (ceros
413 4340 446 4407 0)
458 4338 487 4393 in
499 4338 609 4393 metallo
628 4338 790 4393 constitutos
801 4337 912 4407 explicit
923 4338 985 4406 (aa.
999 4336 1033 4405 0)
1045 4335 1102 4391 CR
1115 4366 1147 4376 -

263 4442 314 4491 111.
1047 4425 1089 4491 53
