3242 5159
313 518 379 583 300
718 514 863 570 Caecilii
881 515 1042 584 Cypriani

314 673 381 738 sed
404 671 587 737 tristitia
609 672 742 736 uestra
764 672 802 736 in
825 672 1028 737 laetitiam
1050 673 1201 738 ueniet.
1231 675 1300 756 quis
1314 694 1375 740 non
1390 675 1453 739 tri-

316 775 406 840 stitia
423 794 523 842 carere
539 775 635 857 optet,
652 775 721 857 quis
737 792 797 838 non
813 775 853 840 ad
868 775 1024 840 laetitiam
1039 777 1144 840 uenire
1159 775 1311 842 festinet?
1327 778 1451 860 quando

316 880 421 944 autem
444 880 475 944 in
499 878 654 944 laetitiam
677 878 783 943 ueniat
804 880 910 944 nostra
932 879 1065 946 tristitia
1087 881 1239 946 Dominus
1261 881 1360 946 denuc
1382 883 1451 964 1666

316 982 451 1048 declarat
478 982 599 1048 dicens:
633 983 778 1048 iterum
811 984 955 1048 uidebo
988 1001 1070 1062 uos,
1103 987 1140 1049 et
1170 985 1356 1069 gaudebit
1385 1003 1452 1050 cor

316 1088 492 1153 uestrum
515 1087 553 1152 et
575 1086 763 1171 gaudium
786 1090 961 1152 uestrum
983 1105 1088 1153 nemo
1110 1088 1264 1153 6666666
1285 1107 1304 1153 6
1326 1089 1449 1153 uobis.
1477 1112 1492 1150 6

314 1210 386 1256 cum
403 1209 475 1275 ergo
491 1188 651 1256 Christum
666 1191 773 1254 uidero
788 1191 922 1274 gaudere
945 1191 987 1255 sit
1010 1210 1066 1256 nee
1090 1192 1188 1273 possit
1211 1210 1276 1256 esse
1298 1191 1450 1277 gaudium

315 1295 456 1360 nostrum
471 1294 533 1359 nisi
549 1293 618 1376 quis
645 1293 760 1358 uiderit
782 1293 959 1373 Christum,
979 1314 1058 1377 quae
1073 1295 1205 1360 caecitas
1220 1296 1317 1360 animi
1332 1314 1451 1378 quaeue

316 1397 472 1464 dementia
495 1399 542 1461 est
569 1415 672 1461 amare
698 1415 857 1478 pressuras
882 1398 914 1462 et
940 1415 1053 1479 6666666
1080 1398 1112 1463 66
1134 1399 1278 1463 lacrimas
1292 1398 1402 1462 mundi
1418 1400 1451 1462 et

317 1519 377 1567 non
393 1500 540 1566 festinare
562 1501 666 1582 potius
689 1501 729 1564 ad
752 1499 902 1584 gaudium
926 1500 1008 1583 quod
1023 1521 1194 1585 numquam
1209 1501 1308 1584 possit
1322 1499 1448 1565 auferri.

285 1598 306 1660 t
360 1605 428 1669 Hoc
453 1607 558 1669 autem
585 1603 636 1681 fit,
659 1603 770 1669 fratres
797 1603 1011 1682 dilectissimi,
1046 1605 1118 1688 quia
1144 1605 1219 1669 lidos
1245 1605 1346 1679 deest,
1375 1604 1492 1686 quiam

317 1726 407 1774 nemo
430 1708 528 1772 credit
551 1727 616 1772 esse
639 1725 712 1772 uera
728 1727 805 1790 quae
820 1709 978 1789 promittit
992 1709 1077 1774 Deus
1092 1709 1148 1792 qui
1163 1726 1256 1774 uerax
1272 1708 1336 1784 est,
1360 1708 1450 1772 cuius

317 1829 417 1875 sermo
433 1811 627 1876 credentibus
644 1815 786 1876 aeternus
801 1815 833 1878 et
849 1812 957 1877 firmus
972 1813 1029 1878 est.
1045 1813 1073 1876 si
1084 1813 1144 1877 tibi
1156 1813 1205 1877 uir
1216 1812 1321 1898 grauis
1336 1813 1367 1875 ct
1379 1811 1451 1874 lau-

317 1913 432 1979 dabilis
448 1915 568 1997 aliquid
583 1915 797 1996 polliceretur,
821 1916 950 1981 haberes
976 1916 1138 1998 pollicenti
1152 1915 1245 1980 fidem
1261 1933 1318 1979 nec
1332 1916 1364 1980 66
1379 1913 1452 1979 salli

317 2019 373 2083 aut
394 2018 495 2101 decipi
517 2019 556 2083 ab
580 2036 615 2083 eo
638 2019 775 2084 crederes
804 2038 897 2101 quem
923 2020 1007 2085 stare
1031 2021 1064 2084 in
1088 2021 1281 2085 sermonibus
1301 2018 1401 2101 adque
1417 2019 1452 2083 in

317 2121 437 2187 actibus
453 2121 518 2186 suis
534 2123 635 2188 scires.
660 2123 744 2187 Deus
760 2126 865 2188 tecum
880 2123 1035 2205 loquitur,
1060 2125 1090 2189 et
1113 2125 1149 2188 tu
1171 2125 1275 2190 mente
1289 2121 1452 2188 incredula
1460 2141 1489 2181 ιε

316 2225 452 2308 perfidus
464 2223 649 2290 fluctuaris?
664 2226 748 2291 Deus
765 2226 802 2290 de
817 2227 875 2290 hoc
890 2228 1004 2292 mundo
1020 2227 1174 2292 recedenti
1189 2227 1450 2292 inmortalitatem

317 2329 416 2411 adque
433 2329 649 2394 aeternitatem
664 2329 844 2410 pollicetur,
861 2331 892 2393 et
907 2329 1055 2394 dubitas?
1074 2329 1131 2394 hoc
1146 2331 1193 2393 est
1207 2331 1309 2394 Deum
1323 2329 1450 2394 omnino

317 2451 376 2498 non
392 2451 496 2512 nosse,
521 2432 578 2497 hoc
600 2435 648 2498 est
671 2431 831 2498 Christum
847 2433 990 2498 credendi
1006 2433 1193 2517 magistrum
1208 2435 1333 2516 6666666
1349 2432 1451 2498 incre·

317 2535 462 2602 dulitatis
474 2535 635 2614 offendere,
653 2536 709 2601 hoe
726 2538 772 2600 est
788 2537 820 2600 iu
836 2536 964 2601 ecclesia
979 2536 1185 2602 constitutum
1200 2536 1294 2602 fidem
1308 2537 1342 2602 in
1356 2535 1450 2600 domo

317 2639 601 2705 lideinonhabere.
1460 2657 1490 2698 ro

288 2741 306 2805 7
361 2742 519 2821 Quantum
542 2743 641 2825 666616
664 2744 744 2809 crire
767 2743 805 2808 dc
828 2743 950 2808 saeculo
966 2741 1107 2809 Christus
1130 2745 1196 2826 ipse
1217 2744 1328 2808 salutis
1350 2743 1451 2825 adque

317 2845 466 2912 utilitatis
481 2849 604 2912 nostrae
619 2847 769 2930 magister
785 2847 939 2912 ostendit:
964 2847 1017 2929 qui
1040 2867 1112 2911 cum
1135 2847 1280 2929 discipuli
1295 2847 1361 2911 eius
1377 2864 1451 2912 con-

317 2950 532 3026 tristarentur,
555 2951 637 3031 quod
664 2971 695 3015 se
722 2951 785 3015 iam
812 2951 929 3016 diceret
955 2969 1166 3028 recessurum,
1195 2952 1317 3015 locutus
1339 2953 1388 3016 est
1409 2951 1450 3015 ad

318 3072 369 3118 ecs
392 3054 511 3119 diceus:
547 3055 579 3118 61
613 3073 668 3119 ma
702 3054 969 3132 dilexissetis,
1006 3054 1236 3138 gauderetis
1269 3054 1453 3136 quoniam

318 3157 417 3222 uado
440 3157 486 3222 ad
508 3159 674 3238 patrem,
707 3157 818 3223 docens
833 3161 865 3222 66
880 3157 1059 3235 ostendens,
1083 3177 1155 3222 eum
1170 3157 1231 3222 cari
1247 3174 1324 3239 quos
1339 3156 1452 3241 diligi·
1462 3175 1491 3216 rs

319 3280 389 3325 mus
416 3261 454 3325 dc
481 3261 602 3324 saeculo
630 3262 754 3334 exerunt,
789 3261 987 3344 gaudendum
1011 3261 1116 3343 potius
1147 3280 1241 3343 quam
1271 3259 1452 3327 dolendum.

369 3466 386 3519 4
405 3467 442 3520 Io.
457 3467 497 3530 16,
511 3467 552 3519 22.
606 3466 640 3520 24
659 3467 696 3519 Io.
712 3467 752 3530 14,
767 3468 808 3519 28.

372 3655 552 3710 1166616160
604 3658 715 3724 266666
730 3658 762 3709 W
824 3657 886 3710 3in
904 3657 971 3711 We.
986 3658 1049 3711 tm.
1063 3659 1096 3719 2,
1114 3655 1180 3709 adS
1242 3655 1403 3710 laetitiaW

316 3741 458 3795 uerterat
471 3741 504 3804 S,
519 3741 606 3795 aufert
620 3742 684 3796 WO
746 3741 932 3811 CgaudireO
995 3743 1089 3811 lquis
1102 3739 1200 3795 uiderit
1213 3741 1342 3805 SOWV,
1361 3740 1457 3796 uidere

321 3829 358 3891 0,
372 3843 430 3880 curn
444 3827 617 3882 uiderimuse
671 3829 704 3882 10
722 3829 754 3882 616
770 3831 838 3885 Wa.
852 3830 869 3883 l.
882 3847 916 3882 m.
929 3833 962 3894 2,
976 3846 1026 3884 666.
1043 3829 1069 3883 0
1122 3829 1154 3882 11
1173 3844 1306 3882 esseucra
1319 3826 1374 3892 SV,
1388 3843 1457 3883 uera

316 3931 372 3968 6666
388 3914 490 3980 OWG,
510 3915 602 3969 lutura
619 3932 676 3969 csse
694 3932 710 3970 6
790 3915 822 3969 13
840 3914 953 3969 haberes
966 3914 1125 3979 SOWGV,
1144 3914 1256 3968 haberes
1273 3913 1367 3982 utique
1384 3929 1401 3967 6

318 4003 352 4055 14
369 4001 500 4070 61666610
552 4019 629 4071 queur
642 4018 755 4070 eaquae
769 4001 866 4056 Gm.2
917 4001 1012 4071 adque]
1026 4001 1111 4056 autS
1169 4002 1203 4055 15
1221 3999 1285 4054 deus
1295 3999 1456 4066 SOWGV,

317 4105 386 4142 nunc
399 4087 491 4142 deuse
578 4090 611 4142 16
629 4090 743 4142 fluctuas
759 4088 871 4144 OWGe
958 4086 1022 4141 deus
1039 4087 1127 4141 tibia·
1216 4085 1355 4140 recedendi
1367 4085 1400 4140 S*

318 4176 350 4229 11
369 4175 429 4244 adq.
443 4177 495 4228 aet.
508 4175 582 4244 poll]
596 4177 838 4243 aeternitatemque
852 4173 1023 4244 promittitG
1096 4177 1124 4226 et
1137 4171 1289 4236 SOWGV,
1302 4175 1329 4226 et
1341 4175 1401 4226 tuo

317 4261 557 4314 1666...66υ666666.
573 4261 595 4314 S
681 4263 713 4314 18
726 4260 848 4315 credendi
862 4260 1054 4324 00010111,
1074 4259 1192 4313 credenti
1210 4259 1260 4315 W¹
1270 4258 1319 4322 6¹,
1347 4257 1457 4312 creden-

318 4347 388 4400 tium
406 4363 422 4400 c
508 4347 669 4415 magistrum
688 4347 846 4412 sotter,
870 4346 1007 4400 dominum
1024 4350 1052 4399 ct
1069 4345 1232 4414 magistrum
1251 4362 1267 4400 e
1353 4344 1456 4412 impec-

318 4434 418 4488 66660
472 4435 504 4486 19
522 4432 682 4502 domofidei]
697 4419 850 4487 (16166160
911 4433 945 4487 24
962 4432 1117 4502 gauderetis
1129 4433 1251 4500 6616666
1304 4431 1339 4484 25
1356 4430 1455 4485 docens

317 4520 450 4574 scilicet-u
503 4520 537 4573 26
555 4519 740 4588 6661666660
