3242 5159
512 522 557 575 De
575 520 646 575 zelo
664 523 697 574 et
715 521 825 575 liuore
847 537 868 575 c.
887 521 997 575 13-15.
1256 521 1321 586 429

192 677 374 746 scondita
396 679 455 742 est
476 696 560 742 cum
583 676 743 743 Christo
765 677 803 742 iu
826 678 912 741 Deo.
951 695 1033 741 cum
1056 675 1236 742 Christus
1259 695 1320 759 ap·

192 781 372 866 paruerit
394 781 478 846 uita
510 782 660 859 uestra,
692 782 785 846 tunc
806 781 844 844 et
866 799 931 846 uos
954 779 1202 864 apparebitis
1227 777 1320 866 [cum

193 886 244 976 eo]
268 887 308 952 in
328 886 467 971 gloria.
490 886 544 969 qui
560 904 633 970 ergo
647 886 682 950 in
696 885 852 968 baptismo
867 884 1036 950 secundum
1051 884 1185 949 hominis
1199 882 1322 965 antiqui

193 991 320 1076 peccata
343 991 481 1056 carnalia
502 992 535 1056 et
556 989 673 1056 mortui
689 992 721 1056 et
735 989 851 1072 sepulti
874 1007 999 1067 sumus,
1022 989 1075 1071 qui
1091 988 1322 1073 regeneratione

169 1094 320 1162 scaelesti
336 1093 460 1160 cbristo
475 1093 739 1170 consurreximus,
761 1092 933 1174 quaesunt
955 1090 1073 1157 Christi
1095 1094 1127 1156 et
1150 1091 1321 1175 cogitemus

193 1199 311 1282 pariter
333 1199 366 1263 et
388 1215 548 1283 geramus,
570 1180 652 1262 sicut
673 1196 758 1263 idem
773 1196 930 1280 apostolus
946 1195 1035 1260 docet
1050 1213 1156 1262 rursus
1171 1195 1202 1259 et
1217 1193 1323 1258 monet

192 1289 312 1368 dicens:
336 1301 487 1386 primus
508 1301 616 1366 homo
639 1301 683 1366 de
706 1303 834 1366 terrae
856 1300 964 1378 limo,
999 1298 1190 1364 secundus
1213 1297 1321 1363 bomo

193 1406 239 1472 de
260 1407 374 1472 caelo.
409 1404 541 1487 qualis
570 1404 643 1470 ille
674 1405 828 1481 elimo,
861 1404 962 1470 tales
986 1405 1022 1469 et
1050 1402 1116 1485 qui
1145 1402 1321 1467 delimo:

193 1511 230 1575 et
251 1509 378 1591 qualis
400 1508 601 1587 caelestis,
624 1508 724 1574 tales
747 1509 784 1574 et
806 1509 1007 1574 caelestes.
1031 1505 1216 1590 quomodo
1238 1524 1322 1589 por-

158 1613 369 1678 rotauimus
392 1613 609 1698 imaginem
631 1613 715 1678 eius
737 1612 802 1695 qui
827 1612 984 1677 delimo
1016 1613 1089 1690 est,
1123 1610 1322 1694 portemus

193 1717 231 1783 et
259 1715 470 1800 imaginem
499 1715 583 1781 eius
615 1715 681 1798 qui
716 1716 759 1780 de
793 1715 898 1781 caelo
932 1717 998 1780 est.
1032 1714 1323 1798 imaginemautem

193 1819 360 1884 caelestem
373 1820 498 1902 portare
519 1836 579 1882 non
601 1835 782 1901 possumus,
804 1818 867 1884 nisi
882 1818 915 1883 iu
930 1835 965 1882 eo
980 1817 1062 1900 quod
1077 1835 1143 1882 esse
1157 1837 1239 1883 nunc
1253 1836 1323 1883 coe-

193 1923 298 2005 pimus
313 1922 431 1988 Christi
446 1922 686 1988 similitudinem
700 1922 912 2005 praebeamus.

238 2025 306 2092 Hoc
327 2027 375 2090 est
397 2025 480 2092 enim
503 2027 641 2090 mutasse
663 2025 744 2107 quod
767 2024 870 2091 lueres
886 2027 918 2089 et
933 2024 1070 2108 coepisse
1084 2042 1150 2089 esse
1165 2024 1247 2106 quod
1262 2043 1324 2090 non
1336 2022 1373 2086 15

160 2144 183 2184 ¹³
195 2148 279 2208 eras,
294 2132 332 2195 ut
346 2131 379 2195 in
393 2131 426 2194 tc
441 2129 548 2195 diuina
562 2129 712 2195 natiuitas
726 2130 840 2209 luceat,
857 2130 892 2194 ut
907 2129 946 2194 ad
961 2131 1082 2212 patrem
1097 2127 1199 2194 Deum
1216 2127 1324 2194 deifica

194 2233 359 2315 disciplina
373 2235 574 2317 respondeat,
595 2239 632 2301 ut
654 2234 769 2300 honore
790 2236 823 2300 et
845 2235 938 2300 laude
962 2233 1089 2299 uiuendi
1104 2233 1188 2298 Deus
1211 2233 1243 2297 in
1265 2233 1321 2297 bo-

192 2337 277 2402 mine
292 2337 440 2404 clarescat
451 2337 518 2421 ipso
530 2339 709 2404 exhortante
724 2340 756 2404 et
769 2340 914 2404 monente
930 2337 961 2403 et
977 2337 1020 2403 eie
1036 2335 1090 2418 qui
1105 2353 1138 2401 se
1153 2335 1324 2400 clarificant

193 2439 294 2505 uicem
309 2443 454 2506 mutuam
468 2440 641 2523 pollicente.
677 2459 753 2520 eos,
784 2440 901 2522 iuquit,
924 2439 989 2522 qui
1013 2438 1244 2505 clarificant
1264 2458 1322 2503 me

192 2543 445 2624 clarificabo,
479 2545 520 2610 et
552 2544 617 2626 qui
649 2545 807 2628 spernit
839 2563 897 2610 me
929 2546 1142 2626 spernetur.
1175 2543 1323 2626 adquam

156 2646 448 2712 seclarilicationem
471 2646 607 2713 formans
636 2667 692 2714 nos
720 2668 756 2714 ac
785 2667 968 2732 praeparans
997 2648 1149 2713 Dominus
1178 2648 1210 2714 et
1239 2645 1323 2712 filius
1379 2683 1382 2692 ,

190 2749 249 2814 Dei
272 2749 513 2816 similitudinem
528 2750 588 2816 Dei
609 2750 708 2833 patris
730 2751 889 2816 insinuans
912 2751 945 2816 iu
968 2751 1128 2836 euangelio
1150 2768 1205 2816 suo
1228 2751 1321 2818 dicit:

188 2852 364 2918 audistis
386 2853 478 2934 quia
499 2853 647 2918 dictum
671 2856 746 2920 est:
780 2855 928 2939 diliges
950 2855 1166 2938 proximum
1188 2855 1264 2920 tibi
1286 2855 1322 2920 et

190 2955 324 3021 odibis
347 2955 554 3021 inimicum
575 2957 662 3023 tibi.
697 2975 766 3043 ego
797 2959 924 3026 autem
954 2959 1039 3024 dico
1069 2959 1198 3024 uobis:
1231 2957 1322 3023 dili-

189 3058 273 3143 gite
294 3057 481 3124 inimicos
504 3063 661 3127 uestros
683 3064 721 3128 et
742 3062 850 3130 orate
871 3080 936 3146 pro
959 3062 1019 3128 his
1042 3063 1106 3146 qui
1139 3080 1206 3128 uos
1239 3081 1321 3147 per·

290 3281 409 3338 llCor.
424 3284 511 3351 15‚47
524 3303 564 3357 sq.
619 3289 653 3344 18
669 3289 768 3344 ISam.
780 3291 805 3355 2,
818 3290 860 3346 30.
916 3291 951 3346 22
968 3291 1068 3346 Matth.
1081 3290 1203 3359 5,43sq.

240 3473 254 3526 1
273 3473 302 3527 in
313 3473 363 3528 deo
375 3490 427 3529 om.
439 3475 470 3530 D
549 3494 610 3533 cum
623 3481 714 3534 autem
725 3481 806 3536 MBo
883 3482 901 3535 2
918 3481 1084 3552 apparebitis
1096 3497 1157 3536 cunr
1169 3497 1199 3536 ec
1212 3477 1322 3552 (ipseo)

190 3558 315 3623 WDVc,
333 3576 393 3616 curn
405 3578 435 3615 eo
448 3577 508 3632 app.
523 3564 601 3632 MB;
620 3567 658 3632 cf.
670 3571 730 3622 test.
744 3567 762 3621 l.
774 3583 797 3623 c.
912 3568 929 3622 3
946 3568 1035 3637 gloria
1047 3568 1212 3638 sempiterna
1222 3568 1271 3622 Μ’

187 3646 217 3701 in
229 3663 279 3702 om.
292 3647 330 3702 M
332 3649 340 3677 ¹
417 3648 436 3702 4
455 3651 483 3703 et
496 3651 607 3721 mortni]
619 3652 737 3708 emortui
749 3653 788 3709 W
873 3654 1070 3723 regenerationi
1081 3653 1113 3708 D
1200 3652 1217 3707 5
1235 3657 1263 3707 et
1276 3654 1321 3717 W,

186 3732 254 3790 baec
265 3734 308 3802 D,
326 3751 376 3792 om.
389 3735 452 3791 ΜΒ
577 3740 594 3792 6
612 3736 682 3792 idem
694 3755 744 3794 our.
758 3740 795 3795 M
907 3755 986 3795 rusus
997 3741 1131 3794 monetet
1142 3739 1220 3794 docet
1232 3740 1269 3794 M

188 3821 204 3874 1
223 3821 313 3876 diceus
325 3839 360 3878 cc
372 3824 468 3879 docens
481 3827 519 3882 W
578 3828 652 3880 terra
663 3842 677 3880 e
690 3826 756 3880 limo
764 3826 807 3892 D,
825 3829 899 3882 terra
909 3829 1033 3881 terrenus
1044 3825 1081 3880 M
1140 3827 1157 3881 8
1175 3843 1189 3880 e
1200 3824 1274 3880 caelo
1283 3825 1321 3891 D,

187 3906 221 3963 de
232 3909 307 3962 caelo
319 3911 445 3965 caelestis
457 3912 495 3966 M
543 3910 591 3965 ille
603 3927 655 3968 om.
668 3912 707 3968 M
755 3912 848 3968 elimo
860 3913 961 3978 WDB,
972 3912 1005 3967 de
1016 3912 1034 3966 1
1046 3929 1072 3976 o,
1084 3914 1206 3968 terrenus
1215 3913 1253 3967 M
1255 3931 1265 3980 ;
1283 3914 1320 3979 cs.

188 3999 248 4049 test.
262 3995 318 4049 ΙΙΙ
328 3999 361 4050 11
370 4012 402 4066 p.
414 3999 470 4051 123
540 3997 606 4052 talis
617 3997 648 4051 D
718 3999 766 4068 qui
777 3998 811 4053 de
823 3999 898 4069 limo]
911 3999 1012 4054 terreni
1026 3999 1065 4053 Μ
1129 3997 1229 4052 uaris
1241 3998 1270 4051 D

188 4080 224 4134 10
239 4080 282 4150 de]
301 4081 358 4137 eD
410 4082 451 4137 ita
462 4086 600 4152 portemus
611 4084 642 4138 D
693 4085 725 4138 11
743 4084 786 4155 de]
800 4085 856 4139 eD
913 4085 946 4140 12
963 4086 1043 4156 nuuc]
1056 4085 1112 4140 iam
1123 4084 1175 4142 Mu
1236 4084 1270 4140 15
1286 4084 1320 4139 ad

187 4181 238 4221 orn.
253 4167 283 4221 D
335 4168 368 4222 17
386 4168 514 4224 hortante
526 4170 555 4224 D
607 4171 758 4226 clarificent
766 4172 830 4226 ΜΒ
882 4172 915 4226 18
933 4171 1029 4242 uicem]
1042 4171 1130 4226 lucem
1143 4172 1180 4230 M
1240 4171 1320 4240 polli-

188 4255 292 4307 centem
303 4255 396 4310 DMB
451 4257 485 4311 19
501 4256 640 4325 spernitur
651 4256 681 4310 D
686 4277 696 4324 ,·
709 4259 746 4324 cf.
759 4257 794 4312 dc
805 4258 876 4312 dom.
888 4263 958 4312 orat.
972 4274 994 4312 c.
1008 4263 1041 4312 11
1093 4257 1128 4311 20
1145 4256 1318 4326 praeparans]

187 4340 360 4396 corroborans
373 4343 412 4398 W
478 4343 545 4397 llliis
556 4343 586 4399 D
654 4344 687 4397 21
706 4342 751 4398 dci
761 4344 841 4414 (autc
852 4344 949 4414 patris)
962 4359 1011 4398 cru.
1026 4343 1053 4397 B
1125 4343 1160 4396 22
1177 4341 1319 4396 daudistis

193 4425 232 4480 W
280 4427 374 4498 diligis
386 4429 416 4483 D
486 4430 521 4483 23
537 4429 626 4484 odibis
639 4430 717 4495 WB,
735 4430 809 4485 odies
822 4447 856 4484 eor
867 4430 935 4485 odiis
948 4431 992 4494 M,
1011 4430 1071 4484 odio
1083 4428 1196 4483 habebis
1207 4428 1270 4496 Do,·
1283 4429 1318 4496 cf.

186 4513 222 4568 de
235 4514 305 4568 borao
313 4520 375 4583 pat.
388 4519 439 4570 c.5
495 4515 704 4585 24his1eisM
752 4521 944 4587 persequantur
960 4518 1006 4572 ΜΙ
