3242 5159
590 480 753 550 Epistula
770 478 886 534 Ia—LI.
1238 482 1302 550 615

173 641 254 706 unde
280 638 319 704 ed
344 639 478 724 gloriam
506 639 717 720 processerant
744 637 822 703 illuc
851 635 978 720 gloriosi
1008 637 1153 714 redirent,
1183 656 1222 702 ue
1246 634 1300 720 qui

174 741 334 808 Christum
356 725 488 808 malesei
509 742 613 806 esseut
633 740 749 806 Uaristi
770 741 971 823 postmodnm
993 741 1096 806 cestre
1116 742 1301 825 desererent,

176 830 232 912 κο
253 846 483 928 compernem
496 835 638 910 asem
652 843 1041 927 sensumterraeque
1057 844 1134 910 uico
1149 845 1303 910 romeos

174 951 291 1015 uirtute
304 967 366 1014 nou
380 947 512 1014 fuerant.
534 967 604 1015 ecce
617 949 784 1035 incolumis
799 949 832 1012 et
846 947 1037 1014 inmaculata
1052 949 1156 1014 leudis
1171 949 1302 1032 iutegri-

153 1056 232 1137 stas,
248 1072 318 1119 ecce
329 1053 506 1135 incorrupta
516 1053 548 1116 et
559 1052 658 1117 solida
668 1051 884 1118 mulitcntium
899 1052 1047 1136 dignitas,
1062 1071 1081 1116 a
1092 1051 1301 1118 desertoribus

174 1158 205 1222 et
220 1156 360 1242 profugis
382 1157 553 1235 recessisse,
575 1156 754 1238 proditores
767 1155 840 1220 fidei
855 1157 886 1220 et
900 1155 1047 1220 ecclesiae
1068 1155 1238 1221 catholicae
1252 1157 1301 1220 iu-

173 1262 360 1345 pugnatores
373 1258 546 1342 reliquisse.
561 1259 673 1324 merito
687 1259 760 1324 illos
775 1259 966 1324 reuertentes
980 1276 1104 1324 summo
1116 1259 1152 1324 ut
1164 1259 1302 1325 scribitis

174 1364 287 1448 gaudio
302 1364 334 1428 ot
348 1363 446 1428 clame
467 1364 499 1428 ct
513 1363 612 1446 plebs,
635 1354 815 1428 fraternitas
834 1363 934 1428 omnis
955 1363 1083 1445 excepit,
1109 1363 1254 1444 quoniam
1269 1363 1302 1427 in

174 1467 399 1534 mmesoribus
414 1467 547 1552 gloriam
560 1486 650 1532 scam
665 1466 917 1532 concernentibus
932 1467 964 1530 et
973 1466 1014 1532 ad
1029 1465 1183 1532 unitatem
1197 1485 1302 1531 reuer-

7 1579 20 1627 3
140 1571 314 1638 1⁰tcntibus
334 1588 506 1636 remonon
527 1571 646 1636 socium
665 1590 697 1636 se
713 1572 744 1635 et
759 1568 945 1653 participem
966 1587 1071 1634 eorum
1091 1570 1209 1652 gloriae
1230 1587 1302 1634 con-

175 1676 276 1758 putat.

218 1777 321 1842 Huius
341 1779 403 1843 diei
424 1779 580 1843 laetitiam
596 1778 634 1842 de
647 1777 762 1842 nostris
782 1793 947 1858 possumus
969 1773 1109 1842 sensibus
1128 1773 1332 1843 aestimaret

176 1898 248 1947 nam
275 1901 345 1947 curn
371 1882 444 1947 istic
466 1880 505 1947 ad
528 1878 651 1946 litteras
676 1881 798 1945 uestras
824 1896 900 1962 ques
920 1879 960 1964 de
984 1899 1089 1945 eorum
1115 1879 1303 1945 confessione

176 1985 309 2050 misistis
324 1985 461 2050 laetatus
476 1985 519 2049 sit
534 1985 635 2050 omnis
650 1983 784 2048 flatrum
798 1998 944 2048 numerus
960 1986 992 2048 et
1006 2001 1129 2048 summa
1143 1981 1304 2048 alacritate

143 2086 260 2154 ohne
282 2089 428 2154 nuntium
451 2089 626 2154 communis
648 2083 867 2172 gratulationis
890 2087 1052 2170 exceperit,
1074 2085 1149 2169 quid
1169 2079 1236 2151 illic
1251 2084 1305 2151 ubi

177 2211 226 2258 res
246 2195 316 2275 ipsa
331 2196 363 2259 et
377 2211 520 2275 praesens
538 2190 663 2258 laetitia
678 2189 735 2257 sub
750 2192 848 2258 oculis
864 2193 1001 2256 omnium
1018 2188 1205 2274 gerebatur?
1233 2210 1304 2255 cum

177 2297 260 2360 enim
275 2296 428 2362 Dominus
442 2297 474 2361 iu
491 2295 652 2381 euangelio
675 2313 730 2361 suo
751 2292 837 2361 dicat
851 2313 916 2360 esse
932 2313 1088 2360 summum
1105 2289 1255 2380 gaudium
1270 2295 1304 2358 iu

179 2399 263 2465 caelo
288 2418 380 2482 super
403 2402 563 2483 peccatore
588 2397 814 2483 paenitentiam
841 2397 961 2482 agente,
992 2397 1107 2480 quanto
1132 2395 1233 2463 maius
1259 2399 1307 2462 est

179 2502 328 2589 gaudium
349 2503 381 2568 ct
400 2501 432 2568 iu
453 2503 545 2569 terris
567 2505 683 2587 pariter
703 2501 736 2567 et
750 2502 783 2567 in
798 2501 882 2568 caelo
905 2518 996 2586 super
1019 2501 1241 2566 confessoribus
1266 2497 1304 2565 ed

143 2607 425 2673 ecclesianos
455 2625 525 2671 cum
555 2604 654 2690 gloria
683 2627 739 2672 sue
765 2608 797 2670 et
822 2617 904 2672 cum'
924 2602 1015 2670 laude
1044 2601 1245 2669 redeuntibus
1275 2603 1306 2669 ct

177 2709 325 2774 redeundi
340 2709 426 2774 uiam
442 2711 553 2774 ceteris
568 2711 700 2793 exempli
716 2705 765 2774 sui
780 2707 840 2773 fide
856 2709 888 2774 et
902 2705 1082 2792 probatione
1097 2707 1306 2772 facientibus?

177 2809 228 2877 hle
248 2813 331 2877 enim
346 2813 495 2894 quosdam
510 2811 622 2878 fratres
636 2814 756 2878 nosnos
772 2830 856 2878 error
869 2808 1033 2877 induxerat
1048 2799 1130 2894 quod
1145 2807 1205 2875 sibi
1221 2829 1305 2876 com·

177 2915 419 2980 manicationem
439 2913 648 2981 confessorum
670 2915 756 2998 sequi
777 2912 967 2980 uiderentur.
995 2932 1050 2980 suo
1066 2932 1166 2979 errore
1181 2914 1305 2979 sublato

177 3019 231 3084 lux
252 3019 391 3083 omnium
412 3019 587 3100 pectoribus
607 3019 710 3084 infusa
730 3019 824 3084 estet
839 3019 969 3083 ecclesia
989 3018 1142 3082 catholica
1163 3036 1224 3113 uua
1240 3034 1305 3082 esse
1381 3093 1386 3105 ·

145 3139 236 3186 senec
260 3121 360 3186 scindi
384 3141 441 3187 nec
461 3122 564 3186 dluidi
585 3140 674 3205 posse
700 3123 874 3187 monstrate
894 3123 951 3186 cst.
977 3139 1032 3185 nec
1054 3121 1219 3204 quisquam
1241 3113 1305 3185 lam

232 3378 444 3445 lprocosseruut
454 3377 482 3430 Β
550 3376 609 3431 illio
622 3378 656 3440 Β,
670 3375 747 3432 illinc
757 3379 790 3431 11
862 3379 1056 3446 atemptarent
1067 3377 1118 3444 Me
1131 3381 1305 3447 (temptarem

178 3465 223 3516 tur
237 3462 279 3532 Q),
291 3464 469 3531 temptaretur
480 3463 536 3517 BT
540 3484 550 3530 ;
562 3463 592 3516 iu
603 3463 643 3516 eis
655 3463 719 3516 odd.
738 3464 802 3518 Tin
813 3472 897 3534 marg:
976 3463 1105 3532 capitatis
1117 3463 1145 3517 B
1220 3458 1305 3532 adque
1319 3495 1322 3507 ι

178 3549 295 3602 unitatis
305 3565 355 3602 our.
371 3549 430 3603 BN
505 3547 586 3603 fldem
601 3549 631 3619 Q,
645 3549 709 3603 uda
725 3552 764 3605 To
842 3548 915 3604 uicto
930 3549 1056 3619 Q'luicti
1073 3543 1154 3619 ΨΜ)
1234 3551 1305 3604 sin-

181 3636 333 3689 maculatsa
344 3636 372 3688 Β
467 3635 613 3691 salarum
625 3640 653 3689 et
664 3651 714 3688 ona
728 3635 786 3691 ΒΝ
882 3637 896 3688 l
912 3634 1021 3704 scriptis
1031 3635 1059 3689 Β
1151 3637 1209 3690 8et
1220 3637 1305 3690 clerus

177 3737 229 3777 orm
248 3722 276 3776 Β
379 3729 407 3775 ct
426 3721 582 3776 fraternitas
606 3723 653 3785 Tu,
674 3721 855 3776 maternitatis
873 3723 939 3775 ΒΒΙ
1042 3723 1059 3775 9
1076 3721 1221 3791 mitatem]
1238 3733 1305 3776 nnn·

8 3824 10 3851 r
106 3791 111 3798 ’
179 3809 304 3864 emes
362 3807 717 3878 renascamur
773 3809 904 3862 ems
971 3808 1162 3878 sansures
1230 3809 1306 3864 reue

180 3895 280 3963 eorum]
291 3895 400 3950 deorum
410 3896 437 3950 L
505 3895 730 3964 confessionemo
798 3895 831 3948 14
842 3893 936 3948 tanis
946 3896 977 3948 N
1045 3895 1079 3948 15
1089 3891 1171 3964 huuc]
1184 3896 1234 3949 huc
1249 3897 1274 3950 T

179 3983 318 4046 medum
328 3983 355 4036 L
424 3980 616 4050 gntuletiorrie
631 3995 680 4034 ora.
691 3981 729 4033 M
735 3981 807 4048 (axla
821 3980 857 4050 Q)
926 3981 958 4033 11
968 3979 1073 4035 dicits
1139 3982 1173 4036 18
1181 3995 1261 4050 surpra
1271 3977 1306 4042 Β.

179 4081 259 4136 super
270 4084 322 4122 uuo
332 4086 351 4124 v
453 4069 616 4136 peccatorem
629 4068 685 4121 BT
779 4067 947 4136 paerrltebtda
957 4067 984 4120 Β
1080 4071 1204 4138 agentem
1218 4068 1275 4123 ΒΤ

180 4156 266 4222 mgis
278 4155 315 4208 Μ
323 4155 422 4221 (maius
436 4155 470 4225 Q)
562 4155 595 4208 19
607 4169 687 4222 supra
700 4155 726 4208 Β
817 4155 979 4224 adglorians
992 4169 1066 4209 mam
1083 4153 1107 4224 Q
1192 4158 1221 4210 et
1232 4157 1305 4210 sede-

181 4239 245 4294 utdi
258 4240 289 4310 (1.
306 4241 433 4295 redeundi
446 4241 474 4295 Β
575 4242 609 4295 21
622 4241 770 4309 eremplam
782 4240 866 4310 BQT
966 4241 1044 4296 iim
1060 4242 1084 4312 (1
1186 4243 1220 4296 23
1232 4243 1305 4296 uide·

179 4328 292 4381 returL
388 4327 619 4397 Mpeccatoribus
632 4327 689 4397 BQ
788 4327 1005 4381 ltneceoebsec
1016 4323 1306 4398 MQTlaatcsciudit,

179 4430 229 4467 orm
243 4413 270 4467 Β
339 4414 482 4482 quicquam
494 4415 522 4468 Β
590 4415 645 4468 iam
657 4428 707 4467 om.
723 4415 754 4478 T,
766 4417 824 4467 tam
837 4414 865 4468 Β
1153 4399 1156 4406 ’
