<?xml version="1.0" encoding="UTF-8"?>
<!DOCTYPE html PUBLIC "-//W3C//DTD XHTML 1.0 Transitional//EN"
    "http://www.w3.org/TR/xhtml1/DTD/xhtml1-transitional.dtd">
<html xmlns="http://www.w3.org/1999/xhtml" xml:lang="en" lang="en">
 <head>
  <title>
</title>
<meta http-equiv="Content-Type" content="text/html;charset=utf-8" />
  <meta name='ocr-system' content='tesseract 3.04.00' />
  <meta name='ocr-capabilities' content='ocr_page ocr_carea ocr_par ocr_line ocrx_word'/>
</head>
<body>
  <div class='ocr_page' id='page_1' title='image "./corpusscriptoru04wiengoog_0719.png"; bbox 0 0 3242 5159; ppageno 0'>
   <div class='ocr_carea' id='block_1_1' title="bbox 497 452 1280 523">
    <p class='ocr_par' dir='ltr' id='par_1_1' title="bbox 497 452 1280 523">
     <span class='ocr_line' id='line_1_1' title="bbox 497 452 1280 523; baseline 0.02 -17"><span class='ocrx_word' id='word_1_1' title='bbox 497 453 675 523; x_wconf 78' lang='lat' dir='ltr'><strong>Epistulae</strong></span> <span class='ocrx_word' id='word_1_2' title='bbox 692 452 814 510; x_wconf 80' lang='lat' dir='ltr'><strong>arm.</strong></span> <span class='ocrx_word' id='word_1_3' title='bbox 833 472 855 510; x_wconf 67' lang='grc' dir='ltr'><strong>ο.</strong></span> <span class='ocrx_word' id='word_1_4' title='bbox 873 456 950 510; x_wconf 79' lang='lat'><strong>4-7.</strong></span> <span class='ocrx_word' id='word_1_5' title='bbox 1058 474 1067 486; x_wconf 92' lang='lat'><strong>·</strong></span> <span class='ocrx_word' id='word_1_6' title='bbox 1218 455 1280 522; x_wconf 77' lang='lat'><strong>705</strong></span> 
     </span>
    </p>
   </div>
   <div class='ocr_carea' id='block_1_2' title="bbox 72 609 1311 2756">
    <p class='ocr_par' dir='ltr' id='par_1_2' title="bbox 160 609 1311 1004">
     <span class='ocr_line' id='line_1_2' title="bbox 204 609 1311 695; baseline 0.005 -21"><span class='ocrx_word' id='word_1_7' title='bbox 204 611 241 675; x_wconf 91' lang='lat' dir='ltr'><strong>In</strong></span> <span class='ocrx_word' id='word_1_8' title='bbox 264 609 474 676; x_wconf 86' lang='lat' dir='ltr'><strong>bencdictione</strong></span> <span class='ocrx_word' id='word_1_9' title='bbox 502 629 621 693; x_wconf 90' lang='lat' dir='ltr'><strong>quoqne</strong></span> <span class='ocrx_word' id='word_1_10' title='bbox 643 611 737 676; x_wconf 88' lang='lat' dir='ltr'><strong>Iudae</strong></span> <span class='ocrx_word' id='word_1_11' title='bbox 758 611 816 676; x_wconf 91' lang='lat' dir='ltr'><strong>hoc</strong></span> <span class='ocrx_word' id='word_1_12' title='bbox 836 611 1145 695; x_wconf 80' lang='lat' dir='ltr'><strong>idcmsiguificatur‚</strong></span> <span class='ocrx_word' id='word_1_13' title='bbox 1173 611 1228 676; x_wconf 90' lang='lat' dir='ltr'><strong>ubi</strong></span> <span class='ocrx_word' id='word_1_14' title='bbox 1250 610 1311 680; x_wconf 74' lang='lat' dir='ltr'><strong>oto</strong></span> 
     </span>
     <span class='ocr_line' id='line_1_3' title="bbox 160 710 1282 797; baseline 0.001 -19"><span class='ocrx_word' id='word_1_15' title='bbox 160 714 229 778; x_wconf 89' lang='lat' dir='ltr'><strong>illio</strong></span> <span class='ocrx_word' id='word_1_16' title='bbox 251 710 367 778; x_wconf 80' lang='lat' dir='ltr'>Christi</span> <span class='ocrx_word' id='word_1_17' title='bbox 395 712 494 796; x_wconf 86' lang='lat' dir='ltr'><strong>figura</strong></span> <span class='ocrx_word' id='word_1_18' title='bbox 521 714 717 797; x_wconf 78' lang='lat' dir='ltr'><strong>exprimitur,</strong></span> <span class='ocrx_word' id='word_1_19' title='bbox 746 715 827 796; x_wconf 89' lang='lat' dir='ltr'><strong>qnod</strong></span> <span class='ocrx_word' id='word_1_20' title='bbox 854 713 1043 779; x_wconf 66' lang='lat' dir='ltr'><strong>euntibus</strong></span> <span class='ocrx_word' id='word_1_21' title='bbox 1070 714 1135 778; x_wconf 86' lang='lat' dir='ltr'><strong>suis</strong></span> <span class='ocrx_word' id='word_1_22' title='bbox 1161 713 1282 779; x_wconf 89' lang='lat' dir='ltr'><strong>laudari</strong></span> 
     </span>
     <span class='ocr_line' id='line_1_4' title="bbox 161 815 1282 898; baseline 0 -17"><span class='ocrx_word' id='word_1_23' title='bbox 161 819 194 881; x_wconf 91' lang='lat' dir='ltr'><strong>ot</strong></span> <span class='ocrx_word' id='word_1_24' title='bbox 216 816 336 882; x_wconf 90' lang='lat' dir='ltr'><strong>adorari</strong></span> <span class='ocrx_word' id='word_1_25' title='bbox 357 815 499 894; x_wconf 86' lang='lat' dir='ltr'><strong>haberet,</strong></span> <span class='ocrx_word' id='word_1_26' title='bbox 528 818 609 898; x_wconf 88' lang='lat' dir='ltr'><strong>quod</strong></span> <span class='ocrx_word' id='word_1_27' title='bbox 637 817 834 882; x_wconf 87' lang='lat' dir='ltr'><strong>inimicorum</strong></span> <span class='ocrx_word' id='word_1_28' title='bbox 862 817 952 882; x_wconf 84' lang='lat' dir='ltr'><strong>dorae</strong></span> <span class='ocrx_word' id='word_1_29' title='bbox 978 817 1153 883; x_wconf 74' lang='lat' dir='ltr'><strong>cedentium</strong></span> <span class='ocrx_word' id='word_1_30' title='bbox 1183 816 1282 898; x_wconf 90' lang='lat' dir='ltr'><strong>adque</strong></span> 
     </span>
     <span class='ocr_line' id='line_1_5' title="bbox 162 918 1282 1004; baseline 0 -22"><span class='ocrx_word' id='word_1_31' title='bbox 162 918 351 1004; x_wconf 83' lang='lat' dir='ltr'><strong>fugientium</strong></span> <span class='ocrx_word' id='word_1_32' title='bbox 378 920 520 985; x_wconf 87' lang='lat' dir='ltr'><strong>manibus</strong></span> <span class='ocrx_word' id='word_1_33' title='bbox 543 919 655 1002; x_wconf 88' lang='lat' dir='ltr'><strong>quibus</strong></span> <span class='ocrx_word' id='word_1_34' title='bbox 678 938 798 985; x_wconf 87' lang='lat' dir='ltr'><strong>crucem</strong></span> <span class='ocrx_word' id='word_1_35' title='bbox 826 920 957 1003; x_wconf 89' lang='lat' dir='ltr'><strong>pertulit</strong></span> <span class='ocrx_word' id='word_1_36' title='bbox 984 922 1017 985; x_wconf 87' lang='lat' dir='ltr'><strong>et</strong></span> <span class='ocrx_word' id='word_1_37' title='bbox 1042 923 1176 985; x_wconf 88' lang='lat' dir='ltr'><strong>mortem</strong></span> <span class='ocrx_word' id='word_1_38' title='bbox 1204 919 1282 983; x_wconf 89' lang='lat' dir='ltr'><strong>uicit</strong></span> 
     </span>
    </p>

    <p class='ocr_par' dir='ltr' id='par_1_3' title="bbox 126 1022 1283 1624">
     <span class='ocr_line' id='line_1_6' title="bbox 138 1022 1282 1106; baseline -0.001 -18"><span class='ocrx_word' id='word_1_39' title='bbox 138 1039 378 1103; x_wconf 76' lang='lat' dir='ltr'><strong>scoupressurus</strong></span> <span class='ocrx_word' id='word_1_40' title='bbox 411 1022 520 1089; x_wconf 79' lang='lat' dir='ltr'><strong>fixisset</strong></span> <span class='ocrx_word' id='word_1_41' title='bbox 554 1023 693 1104; x_wconf 87' lang='lat' dir='ltr'><strong>qnodque</strong></span> <span class='ocrx_word' id='word_1_42' title='bbox 725 1023 790 1106; x_wconf 90' lang='lat' dir='ltr'><strong>ipso</strong></span> <span class='ocrx_word' id='word_1_43' title='bbox 819 1024 861 1088; x_wconf 89' lang='lat' dir='ltr'><strong>sit</strong></span> <span class='ocrx_word' id='word_1_44' title='bbox 891 1024 938 1087; x_wconf 90' lang='lat' dir='ltr'><strong>loo</strong></span> <span class='ocrx_word' id='word_1_45' title='bbox 966 1022 1115 1088; x_wconf 86' lang='lat' dir='ltr'><strong>detribu</strong></span> <span class='ocrx_word' id='word_1_46' title='bbox 1143 1023 1222 1087; x_wconf 89' lang='lat' dir='ltr'><strong>Iuda</strong></span> <span class='ocrx_word' id='word_1_47' title='bbox 1250 1024 1282 1087; x_wconf 91' lang='lat' dir='ltr'><strong>et</strong></span> 
     </span>
     <span class='ocr_line' id='line_1_7' title="bbox 165 1123 1282 1210; baseline 0.003 -23"><span class='ocrx_word' id='word_1_48' title='bbox 165 1123 291 1188; x_wconf 81' lang='lat' dir='ltr'><strong>recubet</strong></span> <span class='ocrx_word' id='word_1_49' title='bbox 318 1125 472 1189; x_wconf 88' lang='lat' dir='ltr'><strong>dormiens</strong></span> <span class='ocrx_word' id='word_1_50' title='bbox 499 1125 533 1189; x_wconf 91' lang='lat' dir='ltr'><strong>in</strong></span> <span class='ocrx_word' id='word_1_51' title='bbox 561 1125 702 1208; x_wconf 82' lang='lat' dir='ltr'><strong>passione</strong></span> <span class='ocrx_word' id='word_1_52' title='bbox 724 1126 756 1190; x_wconf 92' lang='lat' dir='ltr'><strong>et</strong></span> <span class='ocrx_word' id='word_1_53' title='bbox 777 1127 886 1210; x_wconf 83' lang='lat' dir='ltr'><strong>surgat</strong></span> <span class='ocrx_word' id='word_1_54' title='bbox 909 1129 941 1191; x_wconf 88' lang='lat' dir='ltr'><strong>et</strong></span> <span class='ocrx_word' id='word_1_55' title='bbox 962 1126 1005 1192; x_wconf 91' lang='lat' dir='ltr'><strong>sit</strong></span> <span class='ocrx_word' id='word_1_56' title='bbox 1026 1126 1092 1208; x_wconf 88' lang='lat' dir='ltr'><strong>ipso</strong></span> <span class='ocrx_word' id='word_1_57' title='bbox 1113 1143 1183 1207; x_wconf 87' lang='lat' dir='ltr'><strong>spes</strong></span> <span class='ocrx_word' id='word_1_58' title='bbox 1206 1144 1282 1210; x_wconf 86' lang='lat' dir='ltr'><strong>gon-</strong></span> 
     </span>
     <span class='ocr_line' id='line_1_8' title="bbox 164 1227 1283 1317; baseline 0.002 -26"><span class='ocrx_word' id='word_1_59' title='bbox 164 1227 254 1292; x_wconf 90' lang='lat' dir='ltr'><strong>tium.</strong></span> <span class='ocrx_word' id='word_1_60' title='bbox 278 1227 390 1308; x_wconf 89' lang='lat' dir='ltr'><strong>quibus</strong></span> <span class='ocrx_word' id='word_1_61' title='bbox 412 1227 565 1308; x_wconf 89' lang='lat' dir='ltr'><strong>scriptura</strong></span> <span class='ocrx_word' id='word_1_62' title='bbox 588 1227 694 1293; x_wconf 88' lang='lat' dir='ltr'><strong>diuina</strong></span> <span class='ocrx_word' id='word_1_63' title='bbox 714 1228 859 1317; x_wconf 84' lang='lat' dir='ltr'><strong>adiungit</strong></span> <span class='ocrx_word' id='word_1_64' title='bbox 880 1229 911 1293; x_wconf 89' lang='lat' dir='ltr'><strong>et</strong></span> <span class='ocrx_word' id='word_1_65' title='bbox 934 1228 1027 1293; x_wconf 89' lang='lat' dir='ltr'><strong>dicit:</strong></span> <span class='ocrx_word' id='word_1_66' title='bbox 1055 1229 1214 1293; x_wconf 89' lang='lat' dir='ltr'><strong>lauabit</strong></span> <span class='ocrx_word' id='word_1_67' title='bbox 1243 1228 1283 1292; x_wconf 92' lang='lat' dir='ltr'><strong>in</strong></span> 
     </span>
     <span class='ocr_line' id='line_1_9' title="bbox 162 1329 1283 1417; baseline 0.004 -24"><span class='ocrx_word' id='word_1_68' title='bbox 162 1329 251 1395; x_wconf 92' lang='lat' dir='ltr'><strong>uino</strong></span> <span class='ocrx_word' id='word_1_69' title='bbox 285 1332 426 1398; x_wconf 90' lang='lat' dir='ltr'><strong>stolam</strong></span> <span class='ocrx_word' id='word_1_70' title='bbox 458 1350 563 1397; x_wconf 87' lang='lat' dir='ltr'><strong>suam</strong></span> <span class='ocrx_word' id='word_1_71' title='bbox 596 1334 634 1396; x_wconf 88' lang='lat' dir='ltr'><strong>et</strong></span> <span class='ocrx_word' id='word_1_72' title='bbox 669 1332 708 1397; x_wconf 93' lang='lat' dir='ltr'><strong>in</strong></span> <span class='ocrx_word' id='word_1_73' title='bbox 744 1333 936 1417; x_wconf 86' lang='lat' dir='ltr'><strong>sangnine</strong></span> <span class='ocrx_word' id='word_1_74' title='bbox 971 1351 1066 1398; x_wconf 87' lang='lat' dir='ltr'><strong>uuae</strong></span> <span class='ocrx_word' id='word_1_75' title='bbox 1098 1332 1283 1398; x_wconf 90' lang='lat' dir='ltr'><strong>amictum</strong></span> 
     </span>
     <span class='ocr_line' id='line_1_10' title="bbox 160 1435 1281 1520; baseline 0.002 -22"><span class='ocrx_word' id='word_1_76' title='bbox 160 1453 279 1498; x_wconf 90' lang='lat' dir='ltr'><strong>suum.</strong></span> <span class='ocrx_word' id='word_1_77' title='bbox 312 1435 432 1516; x_wconf 85' lang='lat' dir='ltr'><strong>qnando</strong></span> <span class='ocrx_word' id='word_1_78' title='bbox 454 1439 559 1501; x_wconf 88' lang='lat' dir='ltr'><strong>autem</strong></span> <span class='ocrx_word' id='word_1_79' title='bbox 582 1437 708 1520; x_wconf 85' lang='lat' dir='ltr'><strong>sanguis</strong></span> <span class='ocrx_word' id='word_1_80' title='bbox 729 1455 808 1502; x_wconf 89' lang='lat' dir='ltr'><strong>unae</strong></span> <span class='ocrx_word' id='word_1_81' title='bbox 830 1436 955 1514; x_wconf 87' lang='lat' dir='ltr'><strong>dicitur,</strong></span> <span class='ocrx_word' id='word_1_82' title='bbox 984 1435 1059 1518; x_wconf 91' lang='lat' dir='ltr'><strong>quid</strong></span> <span class='ocrx_word' id='word_1_83' title='bbox 1079 1435 1166 1500; x_wconf 89' lang='lat' dir='ltr'><strong>aliud</strong></span> <span class='ocrx_word' id='word_1_84' title='bbox 1188 1453 1281 1518; x_wconf 88' lang='lat' dir='ltr'><strong>quam</strong></span> 
     </span>
     <span class='ocr_line' id='line_1_11' title="bbox 126 1536 904 1624; baseline 0.004 -24"><span class='ocrx_word' id='word_1_85' title='bbox 126 1562 152 1600; x_wconf 83' lang='grc' dir='ltr'><strong>ιο</strong></span> <span class='ocrx_word' id='word_1_86' title='bbox 163 1536 273 1603; x_wconf 87' lang='lat' dir='ltr'><strong>uinum</strong></span> <span class='ocrx_word' id='word_1_87' title='bbox 288 1538 392 1603; x_wconf 90' lang='lat' dir='ltr'><strong>caliois</strong></span> <span class='ocrx_word' id='word_1_88' title='bbox 408 1537 554 1604; x_wconf 89' lang='lat' dir='ltr'><strong>dominici</strong></span> <span class='ocrx_word' id='word_1_89' title='bbox 569 1541 694 1624; x_wconf 85' lang='lat' dir='ltr'><strong>sangnis</strong></span> <span class='ocrx_word' id='word_1_90' title='bbox 709 1539 904 1604; x_wconf 80' lang='lat' dir='ltr'><strong>ostenditur?</strong></span> 
     </span>
    </p>

    <p class='ocr_par' dir='ltr' id='par_1_4' title="bbox 159 1639 1308 1826">
     <span class='ocr_line' id='line_1_12' title="bbox 203 1639 1308 1724; baseline 0.005 -21"><span class='ocrx_word' id='word_1_91' title='bbox 203 1639 266 1704; x_wconf 89' lang='lat' dir='ltr'><strong>Nec</strong></span> <span class='ocrx_word' id='word_1_92' title='bbox 281 1657 340 1705; x_wconf 91' lang='lat' dir='ltr'><strong>non</strong></span> <span class='ocrx_word' id='word_1_93' title='bbox 355 1643 386 1704; x_wconf 89' lang='lat' dir='ltr'><strong>et</strong></span> <span class='ocrx_word' id='word_1_94' title='bbox 402 1643 478 1724; x_wconf 87' lang='lat' dir='ltr'><strong>aput</strong></span> <span class='ocrx_word' id='word_1_95' title='bbox 492 1641 617 1706; x_wconf 84' lang='lat' dir='ltr'><strong>Esaiam</strong></span> <span class='ocrx_word' id='word_1_96' title='bbox 636 1642 693 1706; x_wconf 88' lang='lat' dir='ltr'><strong>hoc</strong></span> <span class='ocrx_word' id='word_1_97' title='bbox 714 1642 797 1707; x_wconf 88' lang='lat' dir='ltr'><strong>idem</strong></span> <span class='ocrx_word' id='word_1_98' title='bbox 819 1641 947 1723; x_wconf 86' lang='lat' dir='ltr'><strong>spiritns</strong></span> <span class='ocrx_word' id='word_1_99' title='bbox 961 1643 1087 1706; x_wconf 88' lang='lat' dir='ltr'><strong>sanctus</strong></span> <span class='ocrx_word' id='word_1_100' title='bbox 1101 1640 1140 1706; x_wconf 90' lang='lat' dir='ltr'><strong>de</strong></span> <span class='ocrx_word' id='word_1_101' title='bbox 1154 1640 1308 1708; x_wconf 69' lang='lat' dir='ltr'><strong>Domini?</strong></span> 
     </span>
     <span class='ocr_line' id='line_1_13' title="bbox 159 1743 1280 1826; baseline 0.002 -20"><span class='ocrx_word' id='word_1_102' title='bbox 159 1743 297 1824; x_wconf 86' lang='lat' dir='ltr'><strong>passione</strong></span> <span class='ocrx_word' id='word_1_103' title='bbox 326 1745 459 1809; x_wconf 83' lang='lat' dir='ltr'><strong>testatur</strong></span> <span class='ocrx_word' id='word_1_104' title='bbox 489 1745 607 1810; x_wconf 86' lang='lat' dir='ltr'><strong>dicens:</strong></span> <span class='ocrx_word' id='word_1_105' title='bbox 645 1762 761 1826; x_wconf 88' lang='lat' dir='ltr'><strong>quare</strong></span> <span class='ocrx_word' id='word_1_106' title='bbox 793 1744 1009 1810; x_wconf 88' lang='lat' dir='ltr'><strong>rubicunda</strong></span> <span class='ocrx_word' id='word_1_107' title='bbox 1040 1745 1130 1808; x_wconf 83' lang='lat' dir='ltr'><strong>eunt</strong></span> <span class='ocrx_word' id='word_1_108' title='bbox 1162 1744 1280 1808; x_wconf 85' lang='lat' dir='ltr'><strong>noeti·</strong></span> 
     </span>
    </p>

    <p class='ocr_par' dir='ltr' id='par_1_5' title="bbox 72 1839 1280 2033">
     <span class='ocr_line' id='line_1_14' title="bbox 72 1839 1280 1926; baseline 0.002 -17"><span class='ocrx_word' id='word_1_109' title='bbox 72 1839 82 1854; x_wconf 83' lang='lat'>&#39;</span> <span class='ocrx_word' id='word_1_110' title='bbox 162 1847 291 1911; x_wconf 89' lang='lat' dir='ltr'><strong>menta</strong></span> <span class='ocrx_word' id='word_1_111' title='bbox 318 1846 397 1926; x_wconf 85' lang='lat' dir='ltr'><strong>tua,</strong></span> <span class='ocrx_word' id='word_1_112' title='bbox 426 1849 464 1912; x_wconf 90' lang='lat' dir='ltr'><strong>et</strong></span> <span class='ocrx_word' id='word_1_113' title='bbox 485 1848 710 1913; x_wconf 89' lang='lat' dir='ltr'><strong>indumenta</strong></span> <span class='ocrx_word' id='word_1_114' title='bbox 731 1850 801 1912; x_wconf 89' lang='lat' dir='ltr'><strong>tua</strong></span> <span class='ocrx_word' id='word_1_115' title='bbox 822 1847 936 1912; x_wconf 90' lang='lat' dir='ltr'><strong>uolut</strong></span> <span class='ocrx_word' id='word_1_116' title='bbox 956 1846 1176 1912; x_wconf 88' lang='lat' dir='ltr'><strong>calcatione</strong></span> <span class='ocrx_word' id='word_1_117' title='bbox 1203 1849 1280 1912; x_wconf 91' lang='lat' dir='ltr'><strong>tor·</strong></span> 
     </span>
     <span class='ocr_line' id='line_1_15' title="bbox 160 1948 1280 2033; baseline 0.002 -21"><span class='ocrx_word' id='word_1_118' title='bbox 160 1948 309 2014; x_wconf 85' lang='lat' dir='ltr'><strong>calaris</strong></span> <span class='ocrx_word' id='word_1_119' title='bbox 336 1948 441 2032; x_wconf 91' lang='lat' dir='ltr'><strong>pleni</strong></span> <span class='ocrx_word' id='word_1_120' title='bbox 468 1952 504 2014; x_wconf 89' lang='lat' dir='ltr'><strong>et</strong></span> <span class='ocrx_word' id='word_1_121' title='bbox 531 1951 767 2033; x_wconf 77' lang='lat' dir='ltr'><strong>percalcati?</strong></span> <span class='ocrx_word' id='word_1_122' title='bbox 801 1950 954 2033; x_wconf 90' lang='lat' dir='ltr'><strong>numquid</strong></span> <span class='ocrx_word' id='word_1_123' title='bbox 981 1949 1151 2014; x_wconf 90' lang='lat' dir='ltr'><strong>rubicunda</strong></span> <span class='ocrx_word' id='word_1_124' title='bbox 1182 1950 1280 2014; x_wconf 70' lang='lat' dir='ltr'><strong>nest-</strong></span> 
     </span>
    </p>

    <p class='ocr_par' dir='ltr' id='par_1_6' title="bbox 125 2052 1282 2241">
     <span class='ocr_line' id='line_1_16' title="bbox 125 2052 1282 2135; baseline -0.003 -15"><span class='ocrx_word' id='word_1_125' title='bbox 125 2081 150 2120; x_wconf 80' lang='lat' dir='ltr'><strong>rs</strong></span> <span class='ocrx_word' id='word_1_126' title='bbox 161 2055 266 2118; x_wconf 90' lang='lat' dir='ltr'><strong>menta</strong></span> <span class='ocrx_word' id='word_1_127' title='bbox 287 2071 365 2134; x_wconf 86' lang='lat' dir='ltr'><strong>aque</strong></span> <span class='ocrx_word' id='word_1_128' title='bbox 383 2056 486 2135; x_wconf 89' lang='lat' dir='ltr'><strong>potest</strong></span> <span class='ocrx_word' id='word_1_129' title='bbox 505 2053 604 2120; x_wconf 87' lang='lat' dir='ltr'><strong>facore</strong></span> <span class='ocrx_word' id='word_1_130' title='bbox 619 2057 673 2119; x_wconf 87' lang='lat' dir='ltr'><strong>aut</strong></span> <span class='ocrx_word' id='word_1_131' title='bbox 688 2055 719 2118; x_wconf 90' lang='lat' dir='ltr'><strong>iu</strong></span> <span class='ocrx_word' id='word_1_132' title='bbox 735 2054 882 2118; x_wconf 84' lang='lat' dir='ltr'><strong>torculari</strong></span> <span class='ocrx_word' id='word_1_133' title='bbox 895 2072 976 2135; x_wconf 87' lang='lat' dir='ltr'><strong>aqua</strong></span> <span class='ocrx_word' id='word_1_134' title='bbox 990 2056 1038 2118; x_wconf 87' lang='lat' dir='ltr'><strong>ost</strong></span> <span class='ocrx_word' id='word_1_135' title='bbox 1052 2071 1130 2134; x_wconf 87' lang='lat' dir='ltr'><strong>qnae</strong></span> <span class='ocrx_word' id='word_1_136' title='bbox 1152 2052 1282 2134; x_wconf 89' lang='lat' dir='ltr'><strong>podibus</strong></span> 
     </span>
     <span class='ocr_line' id='line_1_17' title="bbox 162 2155 1278 2241; baseline 0 -21"><span class='ocrx_word' id='word_1_137' title='bbox 162 2156 298 2220; x_wconf 88' lang='lat' dir='ltr'><strong>calcatur</strong></span> <span class='ocrx_word' id='word_1_138' title='bbox 312 2155 363 2220; x_wconf 88' lang='lat' dir='ltr'><strong>uel</strong></span> <span class='ocrx_word' id='word_1_139' title='bbox 377 2156 481 2239; x_wconf 89' lang='lat' dir='ltr'><strong>praelo</strong></span> <span class='ocrx_word' id='word_1_140' title='bbox 494 2157 699 2241; x_wconf 84' lang='lat' dir='ltr'><strong>exprimitur?</strong></span> <span class='ocrx_word' id='word_1_141' title='bbox 720 2158 785 2222; x_wconf 88' lang='lat' dir='ltr'><strong>uiui</strong></span> <span class='ocrx_word' id='word_1_142' title='bbox 802 2157 908 2240; x_wconf 86' lang='lat' dir='ltr'><strong>utique</strong></span> <span class='ocrx_word' id='word_1_143' title='bbox 928 2157 1045 2222; x_wconf 86' lang='lat' dir='ltr'><strong>mentio</strong></span> <span class='ocrx_word' id='word_1_144' title='bbox 1060 2156 1129 2223; x_wconf 90' lang='lat' dir='ltr'><strong>ideo</strong></span> <span class='ocrx_word' id='word_1_145' title='bbox 1142 2157 1278 2240; x_wconf 88' lang='lat' dir='ltr'><strong>ponitur,</strong></span> 
     </span>
    </p>

    <p class='ocr_par' dir='ltr' id='par_1_7' title="bbox 126 2258 1281 2756">
     <span class='ocr_line' id='line_1_18' title="bbox 161 2258 1279 2345; baseline 0.002 -23"><span class='ocrx_word' id='word_1_146' title='bbox 161 2261 197 2322; x_wconf 90' lang='lat' dir='ltr'><strong>ut</strong></span> <span class='ocrx_word' id='word_1_147' title='bbox 211 2258 335 2323; x_wconf 87' lang='lat' dir='ltr'><strong>Domini</strong></span> <span class='ocrx_word' id='word_1_148' title='bbox 356 2259 482 2342; x_wconf 83' lang='lat' dir='ltr'><strong>sanguis</strong></span> <span class='ocrx_word' id='word_1_149' title='bbox 503 2261 576 2344; x_wconf 89' lang='lat' dir='ltr'><strong>uino</strong></span> <span class='ocrx_word' id='word_1_150' title='bbox 597 2261 797 2345; x_wconf 84' lang='lat' dir='ltr'><strong>intellegatur</strong></span> <span class='ocrx_word' id='word_1_151' title='bbox 820 2264 851 2325; x_wconf 89' lang='lat' dir='ltr'><strong>ot</strong></span> <span class='ocrx_word' id='word_1_152' title='bbox 872 2261 953 2341; x_wconf 88' lang='lat' dir='ltr'><strong>quod</strong></span> <span class='ocrx_word' id='word_1_153' title='bbox 968 2261 1002 2325; x_wconf 93' lang='lat' dir='ltr'><strong>in</strong></span> <span class='ocrx_word' id='word_1_154' title='bbox 1015 2260 1110 2326; x_wconf 89' lang='lat' dir='ltr'><strong>calice</strong></span> <span class='ocrx_word' id='word_1_155' title='bbox 1125 2259 1279 2324; x_wconf 90' lang='lat' dir='ltr'><strong>dominico</strong></span> 
     </span>
     <span class='ocr_line' id='line_1_19' title="bbox 165 2361 1278 2446; baseline 0.003 -23"><span class='ocrx_word' id='word_1_156' title='bbox 165 2363 270 2444; x_wconf 88' lang='lat' dir='ltr'><strong>postea</strong></span> <span class='ocrx_word' id='word_1_157' title='bbox 284 2361 517 2428; x_wconf 84' lang='lat' dir='ltr'><strong>manifestatum</strong></span> <span class='ocrx_word' id='word_1_158' title='bbox 533 2366 580 2428; x_wconf 89' lang='lat' dir='ltr'><strong>cst</strong></span> <span class='ocrx_word' id='word_1_159' title='bbox 595 2363 752 2446; x_wconf 89' lang='lat' dir='ltr'><strong>prophetis</strong></span> <span class='ocrx_word' id='word_1_160' title='bbox 768 2362 1024 2428; x_wconf 86' lang='lat' dir='ltr'><strong>adnuntiantibus</strong></span> <span class='ocrx_word' id='word_1_161' title='bbox 1039 2361 1278 2446; x_wconf 88' lang='lat' dir='ltr'><strong>praedicaretur.</strong></span> 
     </span>
     <span class='ocr_line' id='line_1_20' title="bbox 164 2464 1281 2548; baseline 0.002 -20"><span class='ocrx_word' id='word_1_162' title='bbox 164 2464 326 2530; x_wconf 84' lang='lat' dir='ltr'><strong>torcularis</strong></span> <span class='ocrx_word' id='word_1_163' title='bbox 345 2483 464 2548; x_wconf 89' lang='lat' dir='ltr'><strong>qnoque</strong></span> <span class='ocrx_word' id='word_1_164' title='bbox 478 2465 607 2530; x_wconf 86' lang='lat' dir='ltr'><strong>calcatio</strong></span> <span class='ocrx_word' id='word_1_165' title='bbox 623 2467 653 2530; x_wconf 91' lang='lat' dir='ltr'><strong>ct</strong></span> <span class='ocrx_word' id='word_1_166' title='bbox 668 2485 810 2548; x_wconf 83' lang='lat' dir='ltr'><strong>pressura</strong></span> <span class='ocrx_word' id='word_1_167' title='bbox 825 2466 964 2530; x_wconf 80' lang='lat' dir='ltr'><strong>taxatur:</strong></span> <span class='ocrx_word' id='word_1_168' title='bbox 986 2466 1059 2546; x_wconf 91' lang='lat' dir='ltr'><strong>quia</strong></span> <span class='ocrx_word' id='word_1_169' title='bbox 1072 2464 1225 2546; x_wconf 88' lang='lat' dir='ltr'><strong>quomodo</strong></span> <span class='ocrx_word' id='word_1_170' title='bbox 1239 2465 1281 2530; x_wconf 89' lang='lat' dir='ltr'><strong>ad</strong></span> 
     </span>
     <span class='ocr_line' id='line_1_21' title="bbox 126 2567 1281 2651; baseline -0.004 -15"><span class='ocrx_word' id='word_1_171' title='bbox 126 2568 329 2648; x_wconf 69' lang='lat' dir='ltr'><strong>repetendum</strong></span> <span class='ocrx_word' id='word_1_172' title='bbox 351 2568 459 2634; x_wconf 73' lang='lat' dir='ltr'><strong>aunum</strong></span> <span class='ocrx_word' id='word_1_173' title='bbox 480 2569 578 2634; x_wconf 87' lang='lat' dir='ltr'><strong>ueniri</strong></span> <span class='ocrx_word' id='word_1_174' title='bbox 597 2586 657 2634; x_wconf 92' lang='lat' dir='ltr'><strong>non</strong></span> <span class='ocrx_word' id='word_1_175' title='bbox 676 2571 778 2651; x_wconf 87' lang='lat' dir='ltr'><strong>potest</strong></span> <span class='ocrx_word' id='word_1_176' title='bbox 791 2568 853 2634; x_wconf 81' lang='lat' dir='ltr'><strong>nisi</strong></span> <span class='ocrx_word' id='word_1_177' title='bbox 867 2568 995 2633; x_wconf 89' lang='lat' dir='ltr'><strong>botruus</strong></span> <span class='ocrx_word' id='word_1_178' title='bbox 1013 2567 1149 2633; x_wconf 86' lang='lat' dir='ltr'><strong>calcetur</strong></span> <span class='ocrx_word' id='word_1_179' title='bbox 1163 2568 1281 2632; x_wconf 84' lang='lat' dir='ltr'><strong>anteat</strong></span> 
     </span>
     <span class='ocr_line' id='line_1_22' title="bbox 161 2669 1281 2756; baseline 0.001 -23"><span class='ocrx_word' id='word_1_180' title='bbox 161 2673 327 2754; x_wconf 90' lang='lat' dir='ltr'><strong>prematur,</strong></span> <span class='ocrx_word' id='word_1_181' title='bbox 350 2671 395 2736; x_wconf 90' lang='lat' dir='ltr'><strong>sic</strong></span> <span class='ocrx_word' id='word_1_182' title='bbox 416 2691 472 2736; x_wconf 87' lang='lat' dir='ltr'><strong>nec</strong></span> <span class='ocrx_word' id='word_1_183' title='bbox 493 2689 547 2736; x_wconf 90' lang='lat' dir='ltr'><strong>nos</strong></span> <span class='ocrx_word' id='word_1_184' title='bbox 569 2672 749 2756; x_wconf 84' lang='lat' dir='ltr'><strong>sanguinem</strong></span> <span class='ocrx_word' id='word_1_185' title='bbox 764 2671 880 2736; x_wconf 81' lang='lat' dir='ltr'><strong>Christi</strong></span> <span class='ocrx_word' id='word_1_186' title='bbox 902 2690 1061 2754; x_wconf 85' lang='lat' dir='ltr'><strong>possemne</strong></span> <span class='ocrx_word' id='word_1_187' title='bbox 1082 2671 1197 2749; x_wconf 76' lang='lat' dir='ltr'><strong>bibere,</strong></span> <span class='ocrx_word' id='word_1_188' title='bbox 1219 2669 1281 2735; x_wconf 87' lang='lat' dir='ltr'><strong>nisi</strong></span> 
     </span>
    </p>
   </div>
   <div class='ocr_carea' id='block_1_3' title="bbox 263 2975 746 3041">
    <p class='ocr_par' dir='ltr' id='par_1_8' title="bbox 263 2975 746 3041">
     <span class='ocr_line' id='line_1_23' title="bbox 263 2975 746 3041; baseline 0.002 -11"><span class='ocrx_word' id='word_1_189' title='bbox 263 2977 279 3029; x_wconf 81' lang='lat'><strong>7</strong></span> <span class='ocrx_word' id='word_1_190' title='bbox 298 2977 361 3031; x_wconf 86' lang='lat' dir='ltr'><strong>Gen.</strong></span> <span class='ocrx_word' id='word_1_191' title='bbox 379 2975 422 3041; x_wconf 82' lang='lat'><strong>49,</strong></span> <span class='ocrx_word' id='word_1_192' title='bbox 441 2978 481 3031; x_wconf 90' lang='lat'><strong>11.</strong></span> <span class='ocrx_word' id='word_1_193' title='bbox 552 2977 585 3030; x_wconf 78' lang='lat'><strong>12</strong></span> <span class='ocrx_word' id='word_1_194' title='bbox 602 2977 645 3031; x_wconf 83' lang='lat' dir='ltr'><strong>Es.</strong></span> <span class='ocrx_word' id='word_1_195' title='bbox 663 2977 705 3041; x_wconf 87' lang='grc'><strong>63,</strong></span> <span class='ocrx_word' id='word_1_196' title='bbox 722 2978 746 3031; x_wconf 79' lang='grc'><strong>2.</strong></span> 
     </span>
    </p>
   </div>
   <div class='ocr_carea' id='block_1_4' title="bbox 36 3246 1371 4349">
    <p class='ocr_par' dir='ltr' id='par_1_9' title="bbox 36 3246 1371 4349">
     <span class='ocr_line' id='line_1_24' title="bbox 210 3246 1281 3318; baseline 0 -16"><span class='ocrx_word' id='word_1_197' title='bbox 210 3249 225 3302; x_wconf 94' lang='lat'>1</span> <span class='ocrx_word' id='word_1_198' title='bbox 239 3246 436 3317; x_wconf 80' lang='lat' dir='ltr'><strong>significabitur</strong></span> <span class='ocrx_word' id='word_1_199' title='bbox 448 3249 475 3304; x_wconf 99' lang='grc' dir='ltr'>Β</span> <span class='ocrx_word' id='word_1_200' title='bbox 595 3247 785 3318; x_wconf 82' lang='lat' dir='ltr'><strong>2expremitur</strong></span> <span class='ocrx_word' id='word_1_201' title='bbox 800 3248 824 3303; x_wconf 93' lang='lat'><strong><em>0</em></strong></span> <span class='ocrx_word' id='word_1_202' title='bbox 953 3249 1009 3302; x_wconf 89' lang='lat' dir='ltr'><strong>3et</strong></span> <span class='ocrx_word' id='word_1_203' title='bbox 1021 3249 1126 3302; x_wconf 84' lang='lat' dir='ltr'><strong>adorari</strong></span> <span class='ocrx_word' id='word_1_204' title='bbox 1139 3264 1189 3302; x_wconf 83' lang='lat' dir='ltr'><strong>om.</strong></span> <span class='ocrx_word' id='word_1_205' title='bbox 1208 3249 1238 3313; x_wconf 89' lang='lat' dir='ltr'><strong>V,</strong></span> <span class='ocrx_word' id='word_1_206' title='bbox 1252 3251 1281 3302; x_wconf 87' lang='lat' dir='ltr'><strong>ot</strong></span> 
     </span>
     <span class='ocr_line' id='line_1_25' title="bbox 77 3334 1247 3404; baseline 0 -16"><span class='ocrx_word' id='word_1_207' title='bbox 77 3391 80 3396; x_wconf 70' lang='grc'><strong>,</strong></span> <span class='ocrx_word' id='word_1_208' title='bbox 160 3334 316 3389; x_wconf 86' lang='lat' dir='ltr'><strong>adhonorari</strong></span> <span class='ocrx_word' id='word_1_209' title='bbox 330 3334 363 3389; x_wconf 71' lang='lat'><strong>8²</strong></span> <span class='ocrx_word' id='word_1_210' title='bbox 515 3334 583 3403; x_wconf 91' lang='lat' dir='ltr'><strong>quod</strong></span> <span class='ocrx_word' id='word_1_211' title='bbox 595 3338 622 3389; x_wconf 88' lang='lat' dir='ltr'><strong>et</strong></span> <span class='ocrx_word' id='word_1_212' title='bbox 635 3336 662 3389; x_wconf 92' lang='lat' dir='ltr'><strong><em>P</em></strong></span> <span class='ocrx_word' id='word_1_213' title='bbox 817 3335 983 3390; x_wconf 69' lang='lat' dir='ltr'><strong>medentium</strong></span> <span class='ocrx_word' id='word_1_214' title='bbox 996 3336 1025 3399; x_wconf 80' lang='lat' dir='ltr'><strong>S,</strong></span> <span class='ocrx_word' id='word_1_215' title='bbox 1042 3335 1208 3389; x_wconf 82' lang='lat' dir='ltr'><strong>caedentium</strong></span> <span class='ocrx_word' id='word_1_216' title='bbox 1223 3334 1247 3404; x_wconf 99' lang='lat' dir='ltr'><em>Q</em></span> 
     </span>
     <span class='ocr_line' id='line_1_26' title="bbox 159 3419 1247 3491; baseline 0 -17"><span class='ocrx_word' id='word_1_217' title='bbox 159 3422 175 3474; x_wconf 85' lang='lat'>6</span> <span class='ocrx_word' id='word_1_218' title='bbox 188 3421 315 3476; x_wconf 81' lang='lat' dir='ltr'><strong>recubans</strong></span> <span class='ocrx_word' id='word_1_219' title='bbox 330 3421 353 3491; x_wconf 92' lang='lat' dir='ltr'><em>Q</em></span> <span class='ocrx_word' id='word_1_220' title='bbox 488 3423 611 3490; x_wconf 78' lang='lat' dir='ltr'><strong>resurgat</strong></span> <span class='ocrx_word' id='word_1_221' title='bbox 626 3421 649 3491; x_wconf 91' lang='lat' dir='ltr'><em>Q</em></span> <span class='ocrx_word' id='word_1_222' title='bbox 790 3421 805 3473; x_wconf 81' lang='lat'>7</span> <span class='ocrx_word' id='word_1_223' title='bbox 819 3421 941 3476; x_wconf 87' lang='lat' dir='ltr'><strong>adiunxit</strong></span> <span class='ocrx_word' id='word_1_224' title='bbox 956 3420 979 3491; x_wconf 91' lang='lat' dir='ltr'><em>Q</em></span> <span class='ocrx_word' id='word_1_225' title='bbox 1115 3420 1186 3474; x_wconf 84' lang='lat' dir='ltr'><strong>dixit</strong></span> <span class='ocrx_word' id='word_1_226' title='bbox 1198 3419 1247 3488; x_wconf 81' lang='lat' dir='ltr'><em>SQ</em></span> 
     </span>
     <span class='ocr_line' id='line_1_27' title="bbox 160 3506 1246 3578; baseline 0 -18"><span class='ocrx_word' id='word_1_227' title='bbox 160 3507 264 3562; x_wconf 84' lang='lat' dir='ltr'><strong>lauauit</strong></span> <span class='ocrx_word' id='word_1_228' title='bbox 275 3507 312 3562; x_wconf 88' lang='lat' dir='ltr'><em>M</em></span> <span class='ocrx_word' id='word_1_229' title='bbox 323 3507 438 3575; x_wconf 87' lang='lat' dir='ltr'><strong>(lauabit</strong></span> <span class='ocrx_word' id='word_1_230' title='bbox 452 3507 484 3578; x_wconf 84' lang='lat' dir='ltr'><em>Q)</em></span> <span class='ocrx_word' id='word_1_231' title='bbox 632 3507 667 3562; x_wconf 91' lang='lat'><strong>10</strong></span> <span class='ocrx_word' id='word_1_232' title='bbox 678 3507 817 3577; x_wconf 79' lang='lat' dir='ltr'><strong>sanguinis</strong></span> <span class='ocrx_word' id='word_1_233' title='bbox 831 3507 926 3577; x_wconf 83' lang='lat' dir='ltr'><em>QRVv</em></span> <span class='ocrx_word' id='word_1_234' title='bbox 1073 3509 1105 3559; x_wconf 84' lang='lat'><strong>11</strong></span> <span class='ocrx_word' id='word_1_235' title='bbox 1118 3509 1146 3558; x_wconf 91' lang='lat' dir='ltr'><strong>et</strong></span> <span class='ocrx_word' id='word_1_236' title='bbox 1157 3523 1208 3560; x_wconf 80' lang='lat' dir='ltr'><strong>om.</strong></span> <span class='ocrx_word' id='word_1_237' title='bbox 1223 3506 1246 3575; x_wconf 89' lang='lat' dir='ltr'><em>Q</em></span> 
     </span>
     <span class='ocr_line' id='line_1_28' title="bbox 36 3591 1247 3663; baseline -0.001 -16"><span class='ocrx_word' id='word_1_238' title='bbox 36 3637 37 3640; x_wconf 63' lang='lat'>,</span> <span class='ocrx_word' id='word_1_239' title='bbox 160 3595 248 3648; x_wconf 83' lang='lat' dir='ltr'><strong>creian</strong></span> <span class='ocrx_word' id='word_1_240' title='bbox 261 3592 289 3656; x_wconf 84' lang='lat' dir='ltr'><strong>S,</strong></span> <span class='ocrx_word' id='word_1_241' title='bbox 308 3593 404 3646; x_wconf 89' lang='lat' dir='ltr'><strong>eseiam</strong></span> <span class='ocrx_word' id='word_1_242' title='bbox 418 3593 449 3663; x_wconf 88' lang='lat' dir='ltr'><strong>Q,</strong></span> <span class='ocrx_word' id='word_1_243' title='bbox 467 3592 563 3648; x_wconf 81' lang='lat' dir='ltr'><strong>isaiam</strong></span> <span class='ocrx_word' id='word_1_244' title='bbox 574 3592 602 3647; x_wconf 88' lang='grc' dir='ltr'>Β</span> <span class='ocrx_word' id='word_1_245' title='bbox 617 3594 641 3646; x_wconf 88' lang='lat' dir='ltr'><strong>is</strong></span> <span class='ocrx_word' id='word_1_246' title='bbox 659 3593 691 3646; x_wconf 82' lang='lat' dir='ltr'><strong>in</strong></span> <span class='ocrx_word' id='word_1_247' title='bbox 702 3609 757 3646; x_wconf 81' lang='lat' dir='ltr'><strong>raa.</strong></span> <span class='ocrx_word' id='word_1_248' title='bbox 913 3591 1132 3647; x_wconf 69' lang='lat' dir='ltr'><strong>resurectione</strong></span> <span class='ocrx_word' id='word_1_249' title='bbox 1146 3592 1247 3647; x_wconf 83' lang='lat' dir='ltr'><strong>LORo</strong></span> 
     </span>
     <span class='ocr_line' id='line_1_29' title="bbox 161 3677 1249 3747; baseline 0 -14"><span class='ocrx_word' id='word_1_250' title='bbox 161 3679 193 3733; x_wconf 87' lang='lat'><strong>14</strong></span> <span class='ocrx_word' id='word_1_251' title='bbox 204 3682 233 3732; x_wconf 88' lang='lat' dir='ltr'><strong>ct</strong></span> <span class='ocrx_word' id='word_1_252' title='bbox 245 3679 319 3747; x_wconf 87' lang='lat' dir='ltr'><strong>pleni</strong></span> <span class='ocrx_word' id='word_1_253' title='bbox 331 3681 359 3732; x_wconf 88' lang='lat' dir='ltr'><strong>ct</strong></span> <span class='ocrx_word' id='word_1_254' title='bbox 370 3679 398 3733; x_wconf 94' lang='lat' dir='ltr'><strong><em>P</em></strong></span> <span class='ocrx_word' id='word_1_255' title='bbox 508 3678 683 3734; x_wconf 88' lang='lat' dir='ltr'><strong>rubicundum</strong></span> <span class='ocrx_word' id='word_1_256' title='bbox 695 3678 730 3734; x_wconf 69' lang='lat'><strong>81</strong></span> <span class='ocrx_word' id='word_1_257' title='bbox 846 3679 974 3746; x_wconf 75' lang='lat' dir='ltr'><strong>meque</strong></span> <span class='ocrx_word' id='word_1_258' title='bbox 990 3677 1014 3732; x_wconf 90' lang='lat'><em>0</em></span> <span class='ocrx_word' id='word_1_259' title='bbox 1120 3677 1149 3730; x_wconf 92' lang='lat' dir='ltr'><strong>in</strong></span> <span class='ocrx_word' id='word_1_260' title='bbox 1161 3694 1211 3743; x_wconf 69' lang='lat' dir='ltr'><strong>om,</strong></span> <span class='ocrx_word' id='word_1_261' title='bbox 1226 3679 1249 3733; x_wconf 75' lang='grc' dir='ltr'>Β</span> 
     </span>
     <span class='ocr_line' id='line_1_30' title="bbox 160 3750 1371 3835; baseline 0 -17"><span class='ocrx_word' id='word_1_262' title='bbox 160 3750 241 3833; x_wconf 65' lang='lat' dir='ltr'><strong>aquae</strong></span> <span class='ocrx_word' id='word_1_263' title='bbox 255 3764 278 3820; x_wconf 83' lang='lat' dir='ltr'><em>S</em></span> <span class='ocrx_word' id='word_1_264' title='bbox 403 3765 478 3835; x_wconf 87' lang='lat' dir='ltr'><strong>quae]</strong></span> <span class='ocrx_word' id='word_1_265' title='bbox 492 3781 575 3833; x_wconf 85' lang='lat' dir='ltr'><strong>aquae</strong></span> <span class='ocrx_word' id='word_1_266' title='bbox 588 3765 610 3820; x_wconf 83' lang='lat' dir='ltr'><em>S</em></span> <span class='ocrx_word' id='word_1_267' title='bbox 741 3764 774 3818; x_wconf 87' lang='grc'><strong>16</strong></span> <span class='ocrx_word' id='word_1_268' title='bbox 787 3763 958 3818; x_wconf 82' lang='lat' dir='ltr'><strong>oalcantan</strong></span> <span class='ocrx_word' id='word_1_269' title='bbox 1084 3763 1137 3832; x_wconf 89' lang='lat' dir='ltr'><strong>nel]</strong></span> <span class='ocrx_word' id='word_1_270' title='bbox 1151 3767 1179 3817; x_wconf 89' lang='lat' dir='ltr'><strong>et</strong></span> <span class='ocrx_word' id='word_1_271' title='bbox 1190 3764 1246 3818; x_wconf 84' lang='lat' dir='ltr'><strong>LP</strong></span> <span class='ocrx_word' id='word_1_272' title='bbox 1368 3824 1371 3830; x_wconf 60' lang='grc'>,</span> 
     </span>
     <span class='ocr_line' id='line_1_31' title="bbox 160 3848 1245 3921; baseline 0 -17"><span class='ocrx_word' id='word_1_273' title='bbox 160 3851 250 3918; x_wconf 85' lang='lat' dir='ltr'><strong>praelo</strong></span> <span class='ocrx_word' id='word_1_274' title='bbox 262 3866 311 3904; x_wconf 76' lang='lat' dir='ltr'><strong>om</strong></span> <span class='ocrx_word' id='word_1_275' title='bbox 325 3852 353 3905; x_wconf 94' lang='lat' dir='ltr'><strong><em>P</em></strong></span> <span class='ocrx_word' id='word_1_276' title='bbox 489 3850 549 3904; x_wconf 86' lang='lat' dir='ltr'><strong>idco</strong></span> <span class='ocrx_word' id='word_1_277' title='bbox 565 3850 697 3921; x_wconf 84' lang='lat' dir='ltr'><em>OQRSV,</em></span> <span class='ocrx_word' id='word_1_278' title='bbox 715 3853 756 3906; x_wconf 87' lang='lat' dir='ltr'><strong>est</strong></span> <span class='ocrx_word' id='word_1_279' title='bbox 768 3853 795 3904; x_wconf 88' lang='lat' dir='ltr'><strong>ot</strong></span> <span class='ocrx_word' id='word_1_280' title='bbox 807 3849 866 3904; x_wconf 88' lang='lat' dir='ltr'><strong>ideo</strong></span> <span class='ocrx_word' id='word_1_281' title='bbox 877 3850 932 3904; x_wconf 88' lang='lat' dir='ltr'><strong>LP</strong></span> <span class='ocrx_word' id='word_1_282' title='bbox 1068 3850 1208 3918; x_wconf 86' lang='lat' dir='ltr'><strong>exponitur</strong></span> <span class='ocrx_word' id='word_1_283' title='bbox 1222 3848 1245 3920; x_wconf 88' lang='lat' dir='ltr'><em>Q</em></span> 
     </span>
     <span class='ocr_line' id='line_1_32' title="bbox 161 3934 1245 4004; baseline 0.001 -15"><span class='ocrx_word' id='word_1_284' title='bbox 161 3937 191 3989; x_wconf 83' lang='grc'><strong>11</strong></span> <span class='ocrx_word' id='word_1_285' title='bbox 205 3937 266 3990; x_wconf 89' lang='lat' dir='ltr'><strong>uino</strong></span> <span class='ocrx_word' id='word_1_286' title='bbox 279 3953 328 3990; x_wconf 82' lang='lat' dir='ltr'><strong>om.</strong></span> <span class='ocrx_word' id='word_1_287' title='bbox 342 3954 358 3991; x_wconf 86' lang='lat' dir='ltr'><strong>c</strong></span> <span class='ocrx_word' id='word_1_288' title='bbox 450 3939 477 3990; x_wconf 88' lang='lat' dir='ltr'><strong>ct</strong></span> <span class='ocrx_word' id='word_1_289' title='bbox 488 3951 538 3992; x_wconf 83' lang='lat' dir='ltr'><strong>oro.</strong></span> <span class='ocrx_word' id='word_1_290' title='bbox 551 3937 578 3992; x_wconf 93' lang='grc' dir='ltr'>Β</span> <span class='ocrx_word' id='word_1_291' title='bbox 671 3937 703 3990; x_wconf 86' lang='grc'><strong>18</strong></span> <span class='ocrx_word' id='word_1_292' title='bbox 714 3934 937 4004; x_wconf 78' lang='lat' dir='ltr'><strong>manifeslltumS</strong></span> <span class='ocrx_word' id='word_1_293' title='bbox 1021 3934 1245 4003; x_wconf 82' lang='lat' dir='ltr'><strong>praedicereturv</strong></span> 
     </span>
     <span class='ocr_line' id='line_1_33' title="bbox 36 4019 1246 4091; baseline 0 -17"><span class='ocrx_word' id='word_1_294' title='bbox 36 4053 37 4074; x_wconf 58' lang='lat' dir='ltr'><strong>r</strong></span> <span class='ocrx_word' id='word_1_295' title='bbox 160 4021 422 4091; x_wconf 64' lang='lat' dir='ltr'><strong>renuntiationi</strong></span> <span class='ocrx_word' id='word_1_296' title='bbox 434 4022 472 4076; x_wconf 63' lang='lat'><strong>12¹</strong></span> <span class='ocrx_word' id='word_1_297' title='bbox 580 4023 615 4076; x_wconf 82' lang='lat'><strong>20</strong></span> <span class='ocrx_word' id='word_1_298' title='bbox 626 4022 773 4091; x_wconf 87' lang='lat' dir='ltr'><strong>putandum</strong></span> <span class='ocrx_word' id='word_1_299' title='bbox 786 4021 815 4084; x_wconf 82' lang='lat' dir='ltr'><strong>S,</strong></span> <span class='ocrx_word' id='word_1_300' title='bbox 828 4020 974 4090; x_wconf 85' lang='lat' dir='ltr'><strong>optandum</strong></span> <span class='ocrx_word' id='word_1_301' title='bbox 990 4019 1014 4089; x_wconf 98' lang='lat' dir='ltr'><em>Q</em></span> <span class='ocrx_word' id='word_1_302' title='bbox 1116 4022 1208 4076; x_wconf 71' lang='lat' dir='ltr'><strong>nonno</strong></span> <span class='ocrx_word' id='word_1_303' title='bbox 1222 4021 1246 4090; x_wconf 89' lang='lat' dir='ltr'><em>Q</em></span> 
     </span>
     <span class='ocr_line' id='line_1_34' title="bbox 159 4105 1210 4176; baseline 0.004 -16"><span class='ocrx_word' id='word_1_304' title='bbox 159 4106 269 4162; x_wconf 88' lang='lat' dir='ltr'><strong>botruus</strong></span> <span class='ocrx_word' id='word_1_305' title='bbox 282 4108 337 4172; x_wconf 76' lang='lat' dir='ltr'><strong>SL,</strong></span> <span class='ocrx_word' id='word_1_306' title='bbox 359 4107 470 4162; x_wconf 70' lang='lat' dir='ltr'><strong>baotnns</strong></span> <span class='ocrx_word' id='word_1_307' title='bbox 486 4107 508 4176; x_wconf 88' lang='lat' dir='ltr'><em>Q</em></span> <span class='ocrx_word' id='word_1_308' title='bbox 525 4108 549 4176; x_wconf 90' lang='lat' dir='ltr'><strong>(r</strong></span> <span class='ocrx_word' id='word_1_309' title='bbox 568 4111 658 4174; x_wconf 78' lang='lat' dir='ltr'><strong>erce),</strong></span> <span class='ocrx_word' id='word_1_310' title='bbox 679 4108 784 4162; x_wconf 64' lang='lat' dir='ltr'><strong>b-otrus</strong></span> <span class='ocrx_word' id='word_1_311' title='bbox 796 4107 834 4161; x_wconf 85' lang='grc' dir='ltr'><em>Μ</em></span> <span class='ocrx_word' id='word_1_312' title='bbox 849 4109 874 4174; x_wconf 94' lang='lat' dir='ltr'><strong>(r</strong></span> <span class='ocrx_word' id='word_1_313' title='bbox 891 4109 981 4175; x_wconf 76' lang='lat' dir='ltr'><strong>croc),</strong></span> <span class='ocrx_word' id='word_1_314' title='bbox 1002 4105 1096 4161; x_wconf 85' lang='lat' dir='ltr'><strong>botrus</strong></span> <span class='ocrx_word' id='word_1_315' title='bbox 1115 4107 1210 4164; x_wconf 85' lang='lat' dir='ltr'><strong>OPRo</strong></span> 
     </span>
     <span class='ocr_line' id='line_1_35' title="bbox 36 4181 1278 4262; baseline 0.002 -17"><span class='ocrx_word' id='word_1_316' title='bbox 36 4251 37 4254; x_wconf 0' lang='grc' dir='ltr'><strong>Β</strong></span> <span class='ocrx_word' id='word_1_317' title='bbox 160 4192 272 4246; x_wconf 78' lang='lat' dir='ltr'><strong>calcetur</strong></span> <span class='ocrx_word' id='word_1_318' title='bbox 290 4210 357 4248; x_wconf 83' lang='lat' dir='ltr'><strong>corr.</strong></span> <span class='ocrx_word' id='word_1_319' title='bbox 371 4193 404 4247; x_wconf 81' lang='lat' dir='ltr'><strong>iu</strong></span> <span class='ocrx_word' id='word_1_320' title='bbox 420 4193 490 4246; x_wconf 86' lang='lat' dir='ltr'><strong>calce</strong></span> <span class='ocrx_word' id='word_1_321' title='bbox 507 4193 620 4247; x_wconf 86' lang='lat' dir='ltr'><strong>feriatur</strong></span> <span class='ocrx_word' id='word_1_322' title='bbox 631 4195 659 4248; x_wconf 94' lang='lat' dir='ltr'><strong><em>P</em></strong></span> <span class='ocrx_word' id='word_1_323' title='bbox 669 4210 702 4248; x_wconf 86' lang='lat' dir='ltr'><strong>m.</strong></span> <span class='ocrx_word' id='word_1_324' title='bbox 715 4199 733 4247; x_wconf 85' lang='lat'><strong><em>2</em></strong></span> <span class='ocrx_word' id='word_1_325' title='bbox 869 4193 903 4247; x_wconf 85' lang='grc'><strong>21</strong></span> <span class='ocrx_word' id='word_1_326' title='bbox 916 4193 1044 4261; x_wconf 83' lang='lat' dir='ltr'><strong>sangnine</strong></span> <span class='ocrx_word' id='word_1_327' title='bbox 1054 4191 1082 4247; x_wconf 91' lang='grc' dir='ltr'>Β</span> <span class='ocrx_word' id='word_1_328' title='bbox 1196 4181 1199 4184; x_wconf 50' lang='grc'><strong><em>’</em></strong></span> <span class='ocrx_word' id='word_1_329' title='bbox 1218 4209 1278 4262; x_wconf 82' lang='lat' dir='ltr'><strong>pos·</strong></span> 
     </span>
     <span class='ocr_line' id='line_1_36' title="bbox 161 4277 944 4349; baseline 0.004 -19"><span class='ocrx_word' id='word_1_330' title='bbox 161 4278 242 4332; x_wconf 82' lang='lat' dir='ltr'><strong>simus</strong></span> <span class='ocrx_word' id='word_1_331' title='bbox 259 4277 289 4347; x_wconf 87' lang='lat' dir='ltr'><em>Q,</em></span> <span class='ocrx_word' id='word_1_332' title='bbox 301 4295 439 4348; x_wconf 77' lang='lat' dir='ltr'><strong>possiumus</strong></span> <span class='ocrx_word' id='word_1_333' title='bbox 452 4279 479 4333; x_wconf 91' lang='lat' dir='ltr'><strong><em>P</em></strong></span> <span class='ocrx_word' id='word_1_334' title='bbox 581 4279 686 4334; x_wconf 88' lang='lat' dir='ltr'><strong>ebibere</strong></span> <span class='ocrx_word' id='word_1_335' title='bbox 704 4278 761 4349; x_wconf 88' lang='lat' dir='ltr'><em>QR,</em></span> <span class='ocrx_word' id='word_1_336' title='bbox 775 4283 802 4333; x_wconf 86' lang='lat' dir='ltr'><strong>et</strong></span> <span class='ocrx_word' id='word_1_337' title='bbox 814 4279 905 4333; x_wconf 88' lang='lat' dir='ltr'><strong>bibere</strong></span> <span class='ocrx_word' id='word_1_338' title='bbox 920 4280 944 4333; x_wconf 91' lang='lat' dir='ltr'><em>O</em></span> 
     </span>
    </p>
   </div>
   <div class='ocr_carea' id='block_1_5' title="bbox 259 4366 1073 4431">
    <p class='ocr_par' dir='ltr' id='par_1_10' title="bbox 259 4366 1073 4431">
     <span class='ocr_line' id='line_1_37' title="bbox 259 4366 1073 4431; baseline 0 0"><span class='ocrx_word' id='word_1_339' title='bbox 259 4383 310 4431; x_wconf 92' lang='lat'>111.</span> <span class='ocrx_word' id='word_1_340' title='bbox 1029 4366 1073 4431; x_wconf 72' lang='lat' dir='ltr'><strong>m</strong></span> 
     </span>
    </p>
   </div>
   <div class='ocr_carea' id='block_1_6' title="bbox 0 0 1631 5159">
    <p class='ocr_par' dir='ltr' id='par_1_11' title="bbox 0 0 1631 5159">
     <span class='ocr_line' id='line_1_38' title="bbox 0 0 1631 5159; baseline 0 0"><span class='ocrx_word' id='word_1_341' title='bbox 0 0 1631 5159; x_wconf 95' lang='lat' dir='ltr'><strong> </strong></span> 
     </span>
    </p>
   </div>
  </div>
 </body>
</html>
