3242 5159
974 472 988 500 .

525 541 956 611 Epistulanx11.-Lxl11.
1239 541 1300 606 701

175 703 265 766 ateis
280 705 379 765 uicem
395 699 467 763 boui
488 699 586 780 operis
606 698 639 762 in
660 697 819 763 sacnficiis
843 699 875 760 et
896 697 1037 779 precibus
1056 697 1306 780 repraesentetis,

176 805 301 870 subdidi
333 805 459 868 nomina
492 803 708 887 singulorum,
746 802 799 866 sed
832 803 864 866 et
897 801 1085 885 collegarum
1118 819 1238 884 quoque
1271 802 1304 867 ot

176 909 370 974 sacerdotum
398 907 591 983 nostrorum,
620 905 673 987 qui
695 908 727 970 et
749 905 809 988 ipsi
839 924 910 969 oum
932 907 1109 988 praesentes
1130 907 1240 983 essent,
1266 924 1319 968 ex,

176 1030 230 1076 suo
245 1010 344 1094 plebis
360 1029 433 1074 suae
447 1009 571 1074 nomine
585 1008 737 1090 quaedam
752 1025 807 1091 pro
823 1008 943 1073 uiribus
958 1009 1163 1085 contulerunt,
1179 1009 1305 1073 nomina

154 1114 281 1180 caddidi
304 1115 335 1178 et
355 1113 475 1196 praeter
496 1112 702 1194 quantitatem
725 1113 881 1194 propriam
904 1114 1041 1177 nostram
1062 1129 1306 1194 eorumquoque

177 1216 348 1284 summulas
369 1214 544 1300 signiticaui
565 1215 596 1278 et
610 1215 699 1293 misi,
722 1232 853 1297 quorum
874 1215 1012 1281 omnium
1035 1214 1203 1281 secundnm
1224 1214 1305 1298 quod

176 1321 252 1386 fides
267 1320 299 1384 et
313 1319 425 1384 caritas
436 1318 534 1402 exigit
544 1317 577 1382 in
588 1317 779 1382 orationibus
796 1320 829 1382 et
842 1317 985 1399 precibus
1000 1319 1112 1384 uestris
1127 1318 1307 1384 meminisse

177 1421 305 1487 debetis.
328 1423 471 1503 optamus
490 1438 554 1501 nos,
580 1421 690 1486 fratres
710 1421 874 1500 carissimi,
899 1421 933 1485 in
947 1422 1080 1486 Domino
1095 1441 1216 1505 semper
1229 1423 1305 1487 bone

176 1528 281 1592 ualere
296 1527 327 1590 et
341 1526 439 1591 nostri
454 1525 640 1591 meminisse.

143 1886 169 1924 ω
429 1815 798 1928 uersuum
843 1816 1050 1928 nuru

455 2017 657 2076 CYPRIANVS
676 2020 839 2077 CAECILIO
858 2020 990 2075 FRATRI
1003 2022 1029 2075 S.

222 2191 417 2276 Quamquam
438 2193 544 2278 eciam,
568 2194 663 2260 irater
678 2194 847 2273 carissime,
871 2195 1028 2277 episcopos
1043 2195 1195 2277 plurimos
1211 2189 1339 2260 eccle-I

180 2295 235 2361 siis
256 2297 418 2362 dominicis
434 2298 466 2362 in
482 2299 547 2363 toto
563 2300 677 2364 mundo
694 2299 800 2364 diuina
815 2299 993 2383 dignatione
1007 2300 1197 2382 praepositos
1213 2319 1307 2365 euan-

178 2399 294 2483 gelicae
319 2400 462 2464 ueritatis
487 2421 522 2466 ac
547 2402 921 2474 dominicaetraditionis
946 2405 1049 2468 tenere
1074 2403 1226 2468 rationem
1251 2420 1308 2468 neo

145 2502 216 2566 aab
235 2521 270 2567 eo
291 2503 372 2584 quod
388 2503 528 2569 Christus
550 2505 700 2590 magister
721 2508 752 2569 et
772 2505 927 2587 praecepit
949 2507 981 2570 et
1000 2505 1099 2590 gessit
1118 2507 1255 2571 humana
1276 2508 1308 2571 et

179 2606 302 2671 nouella
317 2607 513 2672 institutione
527 2610 680 2687 decedere,
702 2609 808 2673 tamen
829 2609 974 2690 quoniam
996 2607 1125 2691 quidam
1145 2610 1197 2674 uel
1217 2610 1307 2693 Igno-

182 2710 286 2775 ranter
308 2711 360 2775 uel
384 2711 569 2794 simpliciter
588 2713 621 2776 in
642 2711 737 2776 calice
757 2712 912 2777 dominico
934 2713 1153 2778 sanctificando
1174 2714 1206 2778 et
1222 2713 1307 2796 plebi

183 2812 387 2879 ministrando
416 2833 477 2878 non
504 2815 562 2880 hoc
583 2815 702 2881 iaciunt
725 2816 806 2898 quod
828 2816 915 2880 Iesus
939 2815 1080 2881 Christus
1102 2815 1254 2882 Dominus
1276 2820 1309 2882 et

182 2916 267 2982 Deus
286 2919 390 2982 noster
405 2918 547 2984 sacrificii
562 2919 655 2984 huius
671 2921 778 2984 auctor
793 2920 824 2984 et
839 2920 946 2984 doctor
961 2919 1035 2985 fecit
1051 2922 1083 2985 et
1098 2920 1212 2999 docuit,
1234 2921 1308 2985 reli·

147 3041 172 3082 so
182 3020 304 3105 glesum
322 3021 440 3103 pariter
454 3040 490 3087 ac
505 3024 710 3088 necessarium
726 3022 800 3087 duri
816 3023 854 3087 de
868 3022 926 3086 hoc
940 3021 979 3087 ad
994 3041 1049 3088 uos
1065 3023 1186 3088 litteras
1201 3024 1309 3102 iacere,

185 3124 223 3188 ut
238 3125 264 3188 si
280 3125 334 3206 qui
348 3124 383 3189 in
397 3125 457 3189 isto
473 3145 572 3190 errore
588 3126 688 3191 adhuc
703 3127 875 3204 tenebatur,
897 3127 1041 3192 ueritatis
1061 3127 1129 3192 luce
1149 3129 1309 3210 perspecta

181 3228 221 3291 ed
236 3226 369 3292 radicem
388 3229 487 3311 adque
502 3213 653 3313 originem
669 3230 848 3295 traditionis
864 3230 1037 3296 dominicae
1052 3233 1237 3297 reuertatur.
1254 3251 1309 3297 nec

181 3329 239 3396 hoc
252 3332 352 3412 putes,
373 3331 469 3398 frater
483 3333 650 3412 carissime,
671 3357 727 3398 nos
738 3336 843 3399 nostra
856 3336 888 3398 et
901 3334 1037 3398 humana
1052 3335 1242 3400 conscribere
1254 3336 1317 3400 aut

235 3518 250 3570 1
264 3518 314 3588 eis]
327 3517 385 3573 eins
397 3539 417 3589 μ
529 3522 807 3590 repraeseutcntantea
820 3520 935 3575 Subdidi
946 3538 963 3575 r
1076 3522 1093 3576 2
1106 3538 1227 3591 quaeque
1239 3525 1272 3592 μ’

183 3603 459 3660 aconsacerdotumv
612 3608 640 3661 et
658 3623 740 3676 ooap
895 3623 926 3661 ex
944 3624 991 3661 suo
1009 3625 1053 3676 νμ,
1075 3611 1104 3662 ct
1120 3623 1168 3661 suo
1186 3611 1243 3664 eto

182 3716 200 3768 6
212 3683 342 3785 enmelip
449 3727 452 3734 '
471 3719 488 3771 8
500 3717 529 3771 in
542 3719 650 3772 domino
661 3733 711 3772 om.
723 3735 740 3774 o
868 3719 885 3771 9
897 3719 1049 3772 meminisse
1060 3719 1150 3773 ualete
1163 3739 1189 3788 μ.
1206 3749 1234 3758 -
1248 3720 1312 3775 aab·

183 3788 358 3871 scriptim'oem
369 3819 418 3857 om·
432 3818 475 3872 pr.
490 3833 522 3842 -
749 3852 751 3856 .

234 3889 319 3958 Epist.
334 3889 435 3944 LXIII.
449 3890 595 3960 -Incipit
612 3890 644 3945 de
663 3894 829 3946 sacramento
850 3891 941 3946 calicis
955 3889 999 3958 (ad
1012 3890 1159 3947 Caecilium
1170 3891 1234 3946 odd.
1251 3892 1314 3964 ΟΒ)

184 3975 272 4040 FOR,
285 3976 388 4046 Incipit
400 3977 434 4030 ad
446 3977 592 4033 Caecilium
605 3977 633 4043 S,
646 3979 746 4049 Incipit
758 3979 803 4048 (ad
816 3979 962 4036 coctilium
974 3978 1038 4033 odd.
1053 3979 1090 4049 P)
1103 3978 1135 4032 de
1148 3983 1315 4035 sacramento

185 4060 312 4116 dominici
330 4063 423 4117 calicis
436 4063 497 4128 LP,
519 4064 621 4134 Incipit
638 4065 757 4119 eiusdem
775 4064 809 4119 ad
822 4064 969 4120 Caecilium
987 4064 1019 4118 de
1037 4065 1203 4119 sacramento
1220 4065 1316 4119 sabeis

181 4131 310 4203 'dominici
327 4149 356 4218 Q.
372 4181 403 4191 -
417 4151 450 4205 15
461 4151 605 4204 humanam
618 4153 645 4205 ct
657 4151 792 4205 nouellam
805 4151 1007 4206 institutionem
1020 4151 1085 4223 8¹0
1208 4152 1241 4206 16
1253 4151 1319 4220 qni-
1355 4153 1358 4158 ’

184 4231 244 4286 dem
255 4235 286 4287 δ’
394 4235 429 4290 20
441 4236 514 4306 duxi]
524 4236 617 4306 potaui
627 4237 701 4291 Fm.
713 4240 734 4290 2
830 4238 863 4292 de
874 4238 934 4308 hoc]
946 4238 997 4292 bas
1011 4238 1083 4295 RVo
1180 4238 1239 4292 face
1251 4238 1280 4293 Ic

184 4318 217 4371 21
231 4318 328 4388 siquis
341 4323 402 4378 P²o
495 4325 621 4377 teneatur
636 4311 733 4392 Oxum,
745 4325 854 4378 tenetur
867 4323 960 4380 s²P²o
1060 4325 1095 4379 22
1107 4325 1192 4394 adque
1205 4323 1241 4377 ad
1252 4323 1284 4377 F

184 4402 414 4478 aencthocnos
431 4408 461 4478 Q,
474 4425 521 4462 noe
534 4407 629 4474 heeft,
642 4423 690 4463 nor
707 4409 745 4464 Oo
882 4413 961 4480 putee
975 4408 1282 4481 expeteremus

184 4504 233 4544 nos
245 4490 346 4548 addidi
447 4495 606 4551 conscribiro
622 4493 652 4561 0,
666 4497 714 4549 aut
726 4497 834 4552 nouella
846 4496 1012 4552 conscribere
1024 4497 1053 4554 Β
