3242 5159
551 519 686 574 Testim.
705 520 758 584 ΙΙΙ,
777 520 898 577 11-12.
1230 521 1292 588 125

161 673 314 741 abstinete
328 693 384 741 uos
398 695 418 742 a
432 674 608 742 earnnlibue
622 674 782 741 desideriis
803 693 881 758 quae
895 674 1036 741 militant
1055 674 1202 744 aduersus
1223 676 1292 742 aui·

161 797 261 857 mam,
284 779 546 845 eonuersationem
571 778 718 844 habentes
744 777 827 844 iuter
853 777 986 864 gentiles
1010 776 1140 856 bonam,
1164 779 1201 844 ut
1215 777 1290 844 dum

161 882 333 948 reb-uetant
347 881 489 948 danobis
503 881 593 965 qussi
618 882 657 948 de
681 881 845 967 malignis,
868 881 949 947 bona
970 898 1062 964 opere
1084 880 1188 947 uestra
1207 882 1291 966 aspi-

162 985 279 1051 cientes
292 984 686 1070 msgnifieentDominum.
709 985 809 1050 Ibem
831 985 869 1051 in
891 983 1068 1068 epistula
1090 984 1292 1050 Iohannis:

124 1106 138 1145 ι
162 1087 225 1169 Qui
239 1087 318 1154 dioit
343 1106 376 1153 se
400 1089 434 1154 in
449 1087 572 1154 Christe
593 1108 717 1155 manere
738 1088 845 1167 debet,
868 1088 1020 1173 quomodo
1035 1088 1090 1154 ille
1106 1087 1291 1162 ambulauit,

162 1192 195 1258 et
210 1190 277 1274 ipse
291 1191 460 1258 ambulare.
482 1192 582 1259 Item
603 1193 708 1258 illio:
737 1191 847 1259 Nolite
868 1191 998 1276 diligere
1020 1191 1172 1257 mundum
1193 1209 1292 1274 neque

162 1312 199 1362 ea
213 1313 291 1379 quae
307 1294 342 1360 in
359 1294 474 1362 mundo
490 1297 574 1362 sunt.
598 1296 694 1378 siqui
709 1295 854 1361 dilexerit
868 1294 1029 1376 mundum,
1045 1294 1166 1360 nonest
1181 1294 1293 1360 caritas

148 1483 153 1492 '
161 1398 263 1482 patris
277 1397 311 1463 in
329 1397 401 1463 illo:
424 1399 569 1482 quoniam
584 1417 674 1464 omne
689 1399 770 1482 quod
784 1399 817 1464 in
831 1399 947 1464 mundo
962 1398 1025 1476 est,
1048 1395 1293 1479 eoncupiscentia

162 1502 264 1568 earnis
278 1502 326 1567 est
341 1504 373 1568 et
386 1502 632 1585 eoncupiscentia
647 1503 805 1570 oculorum
821 1503 853 1568 et
868 1501 997 1567 ambitio
1012 1501 1126 1566 saecun
1141 1518 1219 1584 quae
1234 1516 1294 1566 non

124 1625 155 1666 ro
164 1606 214 1671 est
226 1623 246 1670 e
258 1604 354 1672 Patre
369 1605 423 1670 sed
437 1624 473 1670 ex
488 1605 736 1690 eoncupiscentia
750 1605 880 1672 saeouli:
904 1604 1084 1671 otmundus
1100 1603 1247 1670 transibit
1262 1605 1292 1668 et

164 1708 410 1791 eoncupiscentia
429 1709 505 1775 eius.
529 1710 582 1793 qui
603 1711 709 1776 autem
736 1708 845 1775 feeerit
870 1708 1065 1775 uoluntatem
1078 1706 1138 1773 Dei
1157 1705 1295 1772 manebit

162 1812 198 1878 in
219 1813 396 1892 aeternum,
419 1813 571 1896 quomodo
587 1815 619 1879 et
638 1813 705 1896 ipse
718 1812 869 1878 manetin
886 1812 1055 1881 aeternum.
1087 1809 1188 1876 Item
1209 1827 1296 1892 apo·

163 1915 290 1980 stolus
312 1915 359 1981 ad
380 1913 614 1982 Corinthios
636 1917 778 1999 prima:
800 1916 979 2000 Expurgate
993 1914 1084 1980 uetus
1098 1911 1295 1991 fermentum,

164 2018 201 2084 ut
215 2018 285 2083 sitis
300 2037 381 2085 noua
395 2019 580 2103 oonsparsio‚
596 2020 678 2085 siout
689 2019 765 2086 estis
777 2019 888 2104 azymi.
904 2036 977 2086 nam
989 2019 1020 2083 et
1030 2016 1145 2101 paseha
1154 2017 1295 2082 nostrum

125 2150 156 2191 re
166 2121 348 2188 immolatus
362 2123 411 2188 est
426 2120 576 2189 Christus.
600 2123 707 2206 itaque
722 2122 803 2189 festa
817 2121 1008 2189 celebremus
1022 2139 1083 2187 non
1097 2119 1131 2186 in
1145 2119 1296 2185 fermento

151 2233 154 2238 “
168 2225 267 2291 ueteri
281 2243 379 2309 neque
400 2226 433 2292 in
447 2224 599 2293 fermento
613 2227 754 2293 malitiae
769 2227 801 2292 et
816 2225 971 2310 nequitiae
984 2225 1037 2291 sed
1052 2225 1085 2290 in
1099 2222 1216 2308 azymis
1232 2223 1296 2288 sin·

150 2328 308 2395 'oefibtis
323 2332 356 2396 et
371 2329 521 2396 ueritatis.

587 2485 667 2553 Nor
688 2504 881 2553 runsunvu.

208 2605 319 2689 Apud
333 2605 591 2673 Salomonem:
607 2607 666 2672 Vir
676 2607 814 2673 multum
829 2607 933 2672 iurans
947 2603 1117 2688 inplebitur
1132 2601 1297 2687 iniquitate
1312 2608 1350 2672 lt

126 2711 199 2775 rost
212 2727 274 2776 non
288 2709 427 2778 diseedet
441 2731 460 2777 a
474 2712 565 2779 domo
578 2713 643 2778 eius
654 2711 762 2796 plaga:
779 2712 811 2776 et
826 2711 853 2775 si
867 2728 946 2775 usne
956 2709 1115 2787 iurauerit,
1130 2725 1191 2774 non
1202 2708 1295 2774 iusti-

165 2812 318 2880 ficabitur.
362 2814 463 2881 Item
494 2816 538 2880 in
571 2814 777 2900 euangelio
800 2814 1011 2879 seeundum
1032 2811 1296 2879 Matthaeum:

150 2917 243 3006 ‘Dieo
258 2917 346 3012 uobis
361 2937 421 2985 non
435 2919 537 2986 iurare
551 2919 584 2986 in
599 2919 712 2985 tetum.
747 2917 791 2985 sit
804 2919 910 2984 autem
924 2935 1023 2984 sermo
1039 2917 1157 2984 uester:
1178 2916 1297 2990 estest,

272 3123 587 3194 5110.2,6et15sq.
670 3124 934 3195 131cor.5,7sq.
1016 3124 1052 3182 19
1071 3123 1183 3188 81123,
1199 3123 1243 3180 11.

166 3210 207 3268 22
224 3209 517 3276 prandentes.

219 3384 238 3442 2
256 3383 483 3439 eonuersetionem
495 3386 586 3439 autem
598 3385 651 3440 Me
713 3385 839 3456 gentiles]
853 3387 947 3455 gentm
960 3385 1049 3440 WMo
1110 3383 1209 3438 bonnm
1221 3382 1248 3436 A

167 3470 433 3534 sementare,
459 3469 585 3525 uniuersa
604 3473 812 3536 remachum,
841 3471 995 3527 detrectant
1009 3468 1085 3535 WB,
1113 3467 1234 3523 uniuersi
1254 3466 1299 3522 de·

166 3558 410 3627 hectanteeripeit
421 3558 558 3612 Ermue
621 3557 654 3613 de
667 3558 743 3628 (astte
754 3559 829 3628 mei)
842 3575 892 3614 eos
905 3559 938 3612 I)
1002 3557 1023 3615 4
1039 3555 1118 3612 deum
1135 3553 1249 3610 WMBo

167 3645 234 3705 bin
244 3644 333 3699 om
403 3645 421 3702 6
438 3645 631 3700 buamundum
642 3646 670 3700 A
721 3645 806 3702 thoe
817 3644 915 3700 mundo
927 3644 955 3699 A
1002 3641 1180 3714 quisAMBe
1231 3641 1301 3695 huno

166 3729 296 3786 mundum
312 3730 341 3785 A
410 3730 430 3787 8
447 3731 498 3785 hoo
509 3731 637 3786 mnndum
650 3732 678 3787 A
754 3731 793 3790 10
809 3747 841 3786 ex
853 3747 887 3787 σω
898 3731 955 3786 eius
972 3730 1084 3786 ΨΜ
1154 3729 1190 3786 11
1209 3729 1301 3782 manet

172 3814 315 3872 WLMBe
384 3815 422 3873 12
440 3819 469 3871 et
480 3815 537 3886 ipse
545 3817 626 3882 AW,
639 3817 696 3887 ipse
707 3816 775 3883 LB,
787 3819 815 3872 et
826 3816 890 3872 deus
902 3817 945 3882 Μ,
957 3816 1051 3871 deuse
1119 3813 1296 3884 quomodo...

166 3905 305 3957 aeternum
317 3901 344 3956 L
354 3918 375 3958 e.
388 3903 406 3957 l.
418 3905 483 3957 Μ
534 3902 671 3973 apostolus
682 3902 723 3967 A,
737 3903 766 3957 in
778 3903 897 3974 epistula
909 3902 984 3972 pauli
993 3900 1137 3957 wemno
1190 3900 1229 3958 14
1241 3916 1301 3954 oon-

167 3989 296 4058 spereioe
339 3989 467 4058 ezyrneV
510 3990 639 4060 paeeeW
684 3990 721 4050 15
733 3989 803 4044 feste
813 3989 861 4044 W¹
907 3987 1117 4058 oelepremnsW
1166 3985 1204 4045 16
1216 3986 1302 4040 ueteri

166 4089 193 4128 n.
205 4075 236 4128 in
246 4074 378 4130 fermento
390 4091 440 4130 orn.
453 4075 482 4130 A
550 4078 579 4131 et
589 4076 728 4146 nequitiae
739 4092 788 4130 om.
803 4075 831 4130 B
905 4074 942 4132 19
962 4075 1080 4128 salomon
1093 4073 1121 4128 B
1196 4073 1239 4128 uir
1250 4089 1300 4127 om.

167 4160 234 4216 ΒΜ
288 4161 437 4232 replebitur
449 4163 493 4219 Lo
554 4164 595 4221 20
607 4170 672 4233 post
683 4163 876 4218 iustificabitur
895 4161 982 4217 Oroete
994 4161 1089 4216 adde:
1107 4163 1136 4215 et
1156 4163 1181 4216 si
1201 4161 1303 4214 trustra

166 4248 311 4314 iurauerit,
330 4248 474 4318 dupliciter
484 4251 612 4319 punietur
672 4250 710 4307 21
729 4249 796 4303 item
813 4249 843 4303 in
854 4248 994 4318 euangelio
1012 4233 1058 4303 see
1066 4250 1102 4318 A,
1125 4247 1157 4302 de
1176 4246 1226 4301 boe
1244 4248 1302 4316 ipso

168 4336 229 4388 oete
234 4333 378 4391 WLMBo
441 4335 579 4392 Raluaias
590 4353 605 4390 e
615 4339 637 4391 2
648 4336 726 4392 codd.
738 4336 877 4406 inteperent
888 4334 1031 4390 Matthaei
1046 4334 1135 4388 lorum
1154 4349 1179 4388 e.
1192 4335 1302 4386 33ffl37

167 4421 301 4489 sumpsit
359 4421 395 4476 22
412 4421 442 4475 in
453 4423 552 4493 totum]
563 4423 672 4478 omnino
690 4441 708 4479 e
