3242 5159
493 532 538 587 De
555 533 638 588 bono
655 533 856 602 patientiae
874 549 894 587 c.
914 533 1024 588 22-2a
1277 537 1345 604 415

213 689 334 757 adorari
345 691 378 756 et
389 688 546 771 apostolus
557 688 675 754 Paulus
686 688 786 755 diuini
797 691 953 774 praecepti
967 708 1087 757 memor
1100 690 1187 774 ponit
1202 691 1234 756 et
1249 691 1340 756 dicit:

212 792 318 859 Deus
348 793 544 860 exaltauit
576 792 696 858 illum
728 794 766 860 et
797 794 966 860 donauit
993 795 1063 860 illi
1084 812 1218 862 nomen
1241 796 1342 879 quod

212 900 408 983 estsuper
434 916 541 963 omne
570 914 717 977 nomen,
755 898 797 961 ut
829 897 870 962 in
901 897 1054 962 nomine
1086 898 1179 964 Iesu
1213 918 1342 965 omnes

211 1020 310 1087 genu
333 1002 496 1068 curuent
518 1000 768 1079 caelestium,
806 1000 1069 1066 terrestrium
1101 1002 1138 1067 et
1171 1002 1342 1069 inferno·

177 1137 189 1176 e
211 1126 303 1172 rum.
335 1103 377 1193 et]
394 1104 429 1170 in
442 1104 631 1190 Apocalypsi
646 1104 775 1190 angelus
796 1104 927 1170 Iohanni
950 1105 1068 1170 uolenti
1091 1105 1215 1170 adorare
1237 1125 1269 1171 se
1290 1126 1343 1172 re·

210 1210 297 1276 sistit
323 1213 355 1276 et
381 1209 476 1274 dicit:
513 1209 668 1275 uidene
696 1207 858 1288 feceris,
896 1209 987 1291 quia
1009 1226 1223 1274 conseruus
1245 1211 1340 1276 tuus

210 1333 297 1379 sum
329 1314 368 1378 et
400 1311 568 1378 fratrum
601 1314 767 1377 tuorum.
814 1311 942 1377 Iesum
974 1313 1180 1380 Dominum
1214 1315 1338 1380 adora.

209 1417 311 1501 qualis
326 1417 412 1481 Iesus
427 1415 578 1481 Dominus
593 1417 626 1480 et
647 1415 762 1497 quanta
784 1414 936 1497 patientia
957 1417 993 1480 ut
1015 1417 1070 1498 qui
1092 1417 1124 1481 in
1148 1418 1241 1484 caelis
1263 1419 1340 1484 ado·

208 1522 296 1586 ratur
309 1521 441 1585 necdum
456 1518 632 1584 uindicetur
646 1518 680 1583 in
695 1518 796 1583 terrm.
825 1517 918 1582 buius
932 1518 1132 1600 patientiam,
1157 1520 1268 1587 fratres
1289 1523 1340 1588 ‹li-

175 1643 201 1684 re
208 1625 389 1702 lectissimi,
412 1624 445 1689 in
466 1621 731 1705 persecutionibus
754 1622 786 1686 et
806 1621 1002 1703 passionibus
1017 1623 1132 1690 nestris
1155 1625 1338 1709 cogitemus.

207 1728 300 1793 huius
315 1727 464 1793 aduentui
488 1727 616 1810 plenum
631 1725 851 1808 expectationis
866 1724 1048 1807 obsequium
1063 1727 1264 1809 praebeamus
1279 1749 1335 1795 neo

207 1831 331 1897 delendi
353 1831 425 1896 ante
439 1830 609 1897 Dominum
630 1829 715 1894 serui
730 1828 911 1913 inreligiosa
934 1831 965 1895 et
986 1828 1193 1898 inuerecunda
1208 1831 1338 1898 lesbus-

207 1936 292 2001 tione
306 1952 513 2019 properemus.
536 1934 717 1999 insistamus
738 1933 843 2017 potius
864 1935 896 1999 et
910 1935 1103 2002 elaboremus
1119 1935 1152 2000 et
1165 1935 1231 2000 toto
1247 1937 1336 2002 corde

207 2039 377 2125 uigilantes
392 2038 491 2121 adque
512 2038 552 2103 ad
574 2055 697 2103 omnem
711 2037 911 2103 tolerantiam
927 2037 1058 2102 stabiles
1075 2037 1231 2104 dominica
1245 2059 1336 2122 prae-

174 2161 199 2202 re
208 2144 297 2227 cepta
323 2161 495 2222 cernemus,
529 2143 566 2208 ut
591 2159 663 2206 cum
688 2140 744 2206 ille
758 2140 823 2206 irae
838 2142 870 2206 et
883 2140 1038 2205 umdictae
1054 2142 1120 2207 dies
1135 2143 1258 2208 uenerit
1272 2161 1334 2209 non

206 2265 277 2313 cum
292 2246 398 2328 impiis
413 2249 445 2312 et
459 2244 672 2330 peccatoribus
688 2243 870 2329 puniamur,
893 2243 948 2308 sed
970 2264 1042 2310 cum
1066 2245 1161 2311 iustis
1184 2246 1216 2310 et
1232 2244 1336 2312 Deum

206 2351 393 2418 timentibus
407 2353 600 2416 honoremur.

309 2543 326 2596 2
344 2541 415 2620 Phil
427 2541 452 2606 2,
465 2541 483 2594 9
495 2556 534 2609 sq.
587 2538 605 2591 6
623 2541 702 2608 Apoc
715 2538 758 2604 22,
771 2538 797 2591 9.

257 2716 275 2769 2
292 2714 361 2784 quod
373 2714 425 2782 est]
443 2712 477 2767 ad
491 2712 543 2767 boc
559 2713 591 2766 ut
611 2712 649 2765 sit
663 2712 699 2776 V,
717 2713 749 2764 ut
761 2710 798 2764 sit
815 2709 976 2780 prre'om
988 2712 1050 2764 test.
1067 2710 1161 2776 1113,
1182 2711 1239 2766 ΙΙΙ
1248 2716 1285 2767 39

207 2802 225 2855 3
242 2816 332 2855 omnes
348 2798 384 2864 V,
403 2814 508 2853 omnen
587 2798 605 2853 4
622 2798 733 2852 curuent
747 2796 775 2852 V
785 2802 854 2852 teste
868 2797 1006 2867 Ripalte‘o,
1026 2798 1137 2854 flectant
1153 2795 1255 2853 Vtestc
1267 2800 1339 2855 labro

211 2887 363 2957 Gordian,
381 2885 534 2940 lloetaturc
602 2886 620 2939 5
636 2884 740 2939 uolenti
752 2885 864 2940 iohanni
880 2885 906 2942 G
970 2903 998 2941 se
1014 2886 1124 2942 adorare
1138 2884 1164 2939 V
1231 2887 1249 2940 8
1266 2886 1338 2941 iesus

207 2960 257 3028 dni
269 2973 319 3038 W,
337 2972 382 3026 bic
394 2958 444 3026 dns
460 2970 496 3036 G,
515 2971 572 3025 iesu
583 2970 685 3025 domini
702 2969 730 3025 V
813 2971 948 3040 patientia
965 2974 1052 3028 eiuso
1138 2972 1172 3026 13
1189 2973 1279 3026 autem
1292 2989 1338 3042 po·

207 3059 264 3114 tius
280 3058 306 3114 G
355 3059 506 3113 laboremus
522 3057 549 3112 V
598 3058 633 3113 14
650 3057 735 3127 adque
747 3073 797 3113 om.
812 3059 852 3114 W
911 3060 945 3114 15
961 3059 1080 3114 euencrit
1097 3059 1135 3114 0¹
1207 3075 1244 3113 nn
1262 3075 1339 3114 ncnc

207 3161 379 3201 narramur
396 3160 528 3201 marona
543 3146 593 3211 W,
611 3159 704 3200 onom
722 3160 853 3201 manum
870 3162 907 3200 nn
925 3162 1079 3202 namnum
1097 3161 1228 3203 nxnnroru
1245 3147 1271 3203 G
