3242 5159
363 505 425 569 788
761 499 907 556 Caecilii
925 499 1087 569 Cypriani

363 659 615 736 communicasse,
651 658 687 722 ut
715 658 881 723 uideantur
913 658 1046 741 apostoli
1075 658 1233 742 baptisma
1266 658 1501 723 haereticorum

363 762 516 844 probasse.

315 860 353 923 lt
407 862 495 943 Quod
516 866 598 929 enim
619 864 746 946 quidam
762 865 878 943 meunt,
903 866 991 947 quasi
1005 866 1044 929 ad
1059 864 1288 930 baereticorum
1309 864 1501 947 suffragium

363 969 519 1052 pertineat
539 968 620 1050 quod
636 967 748 1033 dixerit
763 968 921 1051 apostolus
935 968 1069 1033 Paulus:
1092 987 1224 1033 uerum
1244 969 1379 1033 tamen
1400 968 1501 1031 omni

363 1071 485 1149 modo,
509 1072 592 1136 siue
612 1090 678 1153 per
700 1072 943 1136 occasionem
966 1072 1052 1135 siue
1070 1088 1137 1154 per
1156 1072 1378 1136 ueritatem
1394 1069 1520 1135 Chri-s

364 1178 449 1243 stus
470 1176 743 1255 adnuntietur,
772 1176 948 1241 inueuimus
970 1175 1029 1240 hoc
1051 1192 1172 1257 quoque
1194 1174 1235 1240 ad
1257 1192 1374 1239 eorum
1398 1176 1502 1256 patro-

364 1282 481 1346 oinium
490 1279 544 1362 qui
553 1280 713 1345 haereticis
725 1279 934 1364 suffragantur
943 1280 975 1343 et
983 1277 1138 1360 plaudunt
1148 1278 1500 1361 nibilpoeseproficarc.

365 1403 464 1466 neque
490 1383 573 1449 enim
587 1384 625 1448 de
640 1381 802 1449 haereticis
825 1384 880 1447 aut
900 1382 939 1446 de
959 1400 1065 1447 eorum
1085 1382 1241 1463 baptismo
1262 1381 1458 1463 loquebatur
1471 1380 1502 1443 in

364 1488 498 1572 epistula
524 1506 580 1553 sua
604 1486 730 1570 Paulus,
757 1487 794 1550 ut
821 1486 939 1567 aliquid
966 1486 1048 1567 quod
1076 1486 1114 1549 ad
1139 1485 1219 1550 hanc
1244 1502 1312 1548 rem
1338 1484 1502 1567 pertineat

363 1592 501 1675 posuisse
523 1590 713 1656 ostendatur.
736 1588 922 1671 loquebatur
944 1582 983 1652 de
1002 1587 1153 1653 fratribus
1174 1586 1243 1653 siue
1264 1588 1451 1652 inordinate
1472 1591 1529 1650 etro

364 1697 471 1761 contra
485 1693 724 1759 ecelesiasticam
739 1692 937 1774 disciplinam
952 1690 1186 1757 ambulantibus
1197 1691 1266 1756 siue
1277 1690 1499 1775 euangelicam

364 1798 529 1863 ueritatem
545 1795 582 1861 de
596 1796 654 1862 Dei
678 1796 790 1861 timore
812 1794 1019 1861 seruantihus.
1048 1795 1080 1860 et
1094 1794 1244 1876 quosdam
1264 1812 1303 1857 ex
1323 1794 1375 1858 eis
1398 1794 1501 1875 posuit

364 1902 495 1969 uerbum
520 1900 647 1966 Domini
677 1900 853 1965 constanter
878 1900 979 1981 adque
1004 1898 1158 1981 intrepide
1183 1898 1314 1975 locutos,
1342 1898 1499 1980 quosdam

364 2024 436 2071 uero
458 2006 490 2070 in
510 2003 631 2069 inuidia
647 2004 678 2068 et
693 2004 880 2068 dissensione
903 2004 1051 2079 uersatos,
1075 2004 1225 2085 quosdam
1249 2019 1398 2066 seruasse
1421 2002 1500 2065 circa

365 2130 396 2177 se
411 2108 587 2175 beniuolam
602 2108 773 2185 mritatem,
789 2106 908 2189 aliquos
923 2123 995 2171 uero
1009 2105 1155 2171 hahuisse
1170 2106 1362 2170 mahuolam
1377 2105 1498 2170 diesen
1507 2126 1527 2163 o

365 2216 491 2290 sionem,
514 2230 547 2277 se
562 2214 667 2277 tamen
688 2211 843 2292 patienter
866 2210 972 2274 omnia
994 2209 1155 2292 sustinere,
1178 2207 1352 2273 dummodo
1380 2208 1452 2273 siue
1470 2208 1500 2270 in

364 2318 497 2381 ueritate
518 2317 584 2380 siue
607 2333 660 2398 per
675 2314 866 2380 occasionem
879 2332 991 2379 nomeu
1005 2312 1122 2379 Christi
1137 2312 1220 2395 quod
1234 2312 1357 2377 Paulus
1372 2311 1498 2394 praedi·

366 2420 456 2486 cahat
470 2421 509 2485 ad
524 2420 730 2501 plurimorum
746 2418 893 2483 notitiam
907 2417 1083 2501 perueniret
1097 2416 1129 2479 et
1142 2434 1224 2481 noua
1239 2415 1342 2480 adhuc
1357 2434 1401 2479 ac
1415 2415 1499 2481 rudis

366 2524 514 2591 sermonis
536 2523 697 2589 seminatio
718 2523 911 2605 loquentium
925 2521 1151 2604 praedicatione
1166 2519 1387 2585 crebresceret.
1413 2538 1499 2602 porro

366 2628 451 2693 aliud
471 2629 519 2692 est
540 2644 591 2691 eos
612 2626 665 2709 qui
685 2626 770 2691 intus
784 2626 818 2691 iu
833 2625 963 2691 ecclesia
982 2626 1057 2689 eunt
1071 2623 1109 2687 de
1123 2622 1248 2687 nomine
1262 2621 1386 2688 Christi
1405 2622 1528 2704 loquio

366 2730 452 2798 aliud
467 2733 515 2796 est
530 2750 580 2795 eos
596 2728 650 2812 qui
664 2729 739 2795 foris
754 2730 874 2793 suntet
889 2730 996 2793 contra
1010 2727 1172 2793 ecclesiam
1187 2725 1308 2791 iaciunt
1323 2728 1358 2790 in
1374 2727 1499 2792 nomina

366 2834 481 2900 Christi
502 2834 667 2915 baptizare.
695 2850 787 2915 quare
810 2832 864 2914 qui
885 2831 1049 2897 haereticis
1067 2831 1280 2912 patrocinatur
1298 2849 1363 2896 non
1379 2829 1417 2894 id
1431 2846 1500 2911 pro·

467 3039 486 3093 4
503 3038 573 3093 Phil.
592 3038 616 3103 1,
635 3038 678 3092 18.

418 3230 433 3281 1
446 3230 478 3282 ut
489 3243 538 3281 om.
552 3225 580 3279 Β
730 3226 865 3281 tdixerat
880 3226 930 3280 CP
1080 3227 1265 3278 uerumtameu
1279 3262 1322 3275 ...
1335 3223 1353 3276 l.
1368 3227 1390 3277 9
1403 3221 1499 3292 paulus

362 3320 426 3383 post
437 3315 573 3385 pertineat
585 3315 601 3368 l.
616 3314 744 3368 9inecrc't
756 3313 784 3367 Β
885 3311 959 3366 omni
970 3310 1058 3381 modo}
1070 3309 1179 3364 omnino
1190 3309 1218 3364 L
1330 3308 1499 3362 boccaneio

365 3417 426 3455 nem
441 3401 466 3455 Τ
584 3398 681 3453 christi
693 3400 726 3453 N
843 3398 1045 3453 Cedunntietur
1056 3398 1174 3466 Aequa.
1186 3396 1203 3449 l.
1217 3412 1239 3449 e.
1253 3394 1376 3448 111111
1396 3392 1497 3456 G'LN,
1579 3449 1580 3462 χ

366 3486 542 3542 adnuntiatur
554 3484 669 3549 B²PT²,
692 3484 866 3547 adnuntiatus
882 3484 955 3538 ΟΨ
1108 3483 1142 3537 de
1161 3480 1212 3535 hoc
1223 3480 1250 3534 Β
1413 3480 1498 3548 'tpar-
1579 3467 1580 3478 ¹

365 3574 442 3627 ficere
457 3574 483 3628 Τ
590 3571 754 3642 8baptisma
766 3570 906 3626 BLNYP
1013 3570 1167 3638 loqueretur
1178 3568 1317 3623 BLNTP
1438 3565 1499 3621 aad
1579 3597 1580 3600 =

366 3676 416 3715 ora.
427 3660 454 3714 Β
556 3658 711 3728 pertineant
723 3658 757 3712 0¹
862 3658 895 3711 12
906 3656 1007 3726 posuit]
1019 3656 1111 3725 potuit
1124 3655 1152 3709 Β
1255 3654 1289 3708 13
1299 3653 1466 3723 deicidae.

365 3745 512 3815 intrepidos
524 3746 563 3799 L¹
675 3744 780 3799 locutus
793 3743 855 3797 BN
854 3744 880 3798 Τ
989 3743 1023 3796 14
1034 3743 1064 3795 in
1076 3758 1126 3795 ora.
1139 3741 1194 3796 Bo
1297 3740 1427 3793 inuidiae
1439 3739 1468 3793 Β

366 3832 493 3887 etom.B
595 3831 753 3885 ffissesnona
768 3833 801 3884 0¹
904 3828 1058 3883 nerboeatoe
1075 3826 1231 3883 Cecdboa
1244 3826 1263 3881 1.
1371 3825 1498 3879 lbbmc·

366 3916 455 3971 uolam
468 3918 521 3982 Nc,
534 3916 717 3971 beniuolentia
729 3916 757 3970 L
885 3914 1000 3985 aliquos]
1012 3915 1080 3969 elios
1092 3915 1165 3983 Auo.
1292 3912 1463 3966 mdeuolaru
1474 3928 1498 3966 a.

365 4003 517 4057 beniuolam
534 4004 557 4060 C
683 4002 870 4057 dissessioncm
885 4004 918 4056 0¹
1049 4002 1083 4055 16
1095 4016 1124 4054 ee
1135 4014 1188 4053 ora.
1200 3999 1230 4064 C,
1243 3998 1289 4052 sed
1301 3999 1374 4068 Auq.
1387 3998 1465 4053 BPc

366 4089 456 4143 omnia
469 4106 497 4142 ec
508 4092 643 4160 patienter
651 4090 723 4160 Aac.
795 4089 974 4143 sustinentem
986 4088 1076 4144 Ttem
1087 4086 1154 4140 cdd.
1167 4103 1203 4140 m.
1215 4089 1243 4154 2,
1256 4102 1285 4138 ae
1295 4084 1464 4138 mtincrce
1579 4065 1580 4156 p

363 4175 500 4230 tummodo
518 4178 552 4230 ΤΙ
660 4176 693 4231 17
706 4176 851 4230 ueritatem
864 4176 911 4230 No
1019 4174 1076 4245 per]
1089 4174 1118 4227 in
1131 4172 1158 4226 P
1263 4171 1451 4226 morionem
1466 4168 1497 4229 T,
1579 4163 1580 4202 ἶ

365 4260 501 4316 occasione
514 4262 569 4316 ΒΡ
689 4262 722 4315 19
734 4260 896 4315 crebeeccrat
908 4261 942 4324 P,
955 4261 1067 4314 cesserit
1078 4258 1105 4312 B
1219 4256 1256 4311 20
1267 4256 1309 4325 de]
1322 4257 1353 4309 in
1363 4259 1439 4324 Aac
1452 4252 1497 4307 md

364 4347 489 4404 deiciem-
502 4348 519 4403 l.
533 4364 555 4403 c.
568 4348 687 4403 111116
771 4348 805 4402 21
817 4346 955 4401 antemi}
965 4346 1076 4415 ciriae
1088 4343 1275 4412 atropacloco
1357 4339 1496 4408 fflbepti·
1579 4359 1580 4386 u

364 4435 421 4491 aeri
436 4433 517 4488 CLN
598 4434 799 4502 patrocinantur
811 4432 881 4489 BCe
965 4448 1019 4485 non
1030 4446 1082 4485 oea.
1094 4429 1122 4483 Β
1202 4428 1339 4498 proferant
1350 4426 1465 4481 130⁸st
1579 4447 1580 4514 ἦ
