3242 5159
348 523 414 592 500
746 519 893 576 Caecilii
910 519 1075 590 cypriani

348 676 514 759 Christi,
544 697 728 764 pressura
754 697 801 744 an
821 678 1009 765 angustia
1035 698 1081 745 an
1102 681 1329 763 persecutio
1356 699 1400 747 an
1424 682 1486 750 la-

347 799 425 848 mes
447 801 493 848 an
513 782 671 849 nuditas
691 800 739 848 an
757 782 977 866 pericnlum
997 801 1043 848 an
1063 783 1247 868 gladius?
1269 785 1485 852 nibilhorum

347 887 450 970 potest
474 904 613 971 separare
639 885 805 965 medentes,
831 885 911 952 nihil
932 887 1037 969 potest
1057 887 1192 953 auellere
1216 887 1338 972 corpori
1364 888 1431 954 eius
1447 889 1486 954 et

347 988 492 1074 sangnini
505 989 709 1057 cohaerentes
729 989 901 1073 persecutio
916 990 979 1058 ista
993 991 1180 1058 examinatio
1195 991 1242 1057 est
1256 993 1358 1075 adque
1371 993 1483 1075 explo-

347 1093 426 1159 ratio
439 1092 558 1177 peccati
572 1093 679 1160 nostn.
702 1093 803 1160 ercuti
817 1111 873 1159 noe
886 1093 971 1158 Deus
985 1093 1088 1160 noluit
1102 1094 1134 1159 et
1148 1094 1281 1178 probari,
1304 1096 1387 1161 mont
1402 1113 1506 1161 suosa

347 1214 468 1279 semper
481 1196 635 1281 probauit,
649 1213 705 1262 nec
718 1197 823 1262 umen
834 1197 867 1262 in
877 1195 1110 1280 probationibus
1125 1197 1191 1263 eins
1205 1197 1374 1281 aliqnando
1385 1200 1480 1266 auri-

348 1299 428 1366 linm
443 1299 640 1366 credentibus
654 1299 763 1366 defuit

318 1401 339 1467 l
390 1403 531 1487 Denique
552 1403 594 1470 ad
615 1403 784 1470 minimum
803 1403 959 1470 famulum
975 1421 1068 1470 suum
1083 1405 1115 1472 et
1128 1406 1162 1472 in
1176 1405 1301 1472 delictis
1314 1405 1389 1472 licet
1402 1406 1480 1488 plu-

347 1507 437 1574 rimis
462 1507 666 1573 comtitntnm
688 1508 721 1573 et
735 1508 913 1592 dignatione
938 1508 1004 1576 eius
1027 1509 1192 1594 indignum
1213 1510 1319 1576 tamen
1342 1511 1397 1576 ille
1420 1529 1479 1592 pro

347 1631 405 1678 sua
429 1615 510 1677 circa
533 1627 588 1676 nos
609 1610 747 1677 bonitate
774 1611 921 1680 mandare
947 1613 1092 1698 dignatus
1116 1614 1172 1681 est.
1202 1613 1253 1678 dic
1275 1612 1335 1693 illi,
1362 1612 1518 1696 inquiam

348 1733 474 1782 securus
494 1714 547 1794 sit,
574 1714 649 1799 qnia
669 1733 729 1799 pax
748 1717 880 1781 uentura
892 1717 949 1798 est,
977 1715 1031 1784 sed
1045 1717 1128 1800 qnod
1141 1717 1267 1784 interim
1282 1715 1404 1782 morula
1418 1717 1478 1794 est,

349 1819 514 1901 supersunt
534 1817 636 1884 adbuc
657 1817 756 1900 aliqui
777 1818 831 1901 qui
853 1819 1030 1903 probentur.
1056 1819 1111 1886 sed
1126 1821 1158 1886 et
1171 1819 1211 1885 de
1231 1820 1317 1886 unctu
1338 1836 1430 1903 parco
1445 1819 1480 1885 et

349 1919 450 1987 sobrio
470 1921 546 2004 potu
567 1919 684 1988 diuinis
704 1919 935 2006 dignationibus
950 1922 1161 2002 admonemur,
1181 1922 1355 1988 scilicetne
1369 1922 1480 2006 uigore

350 2024 477 2090 caelesti
498 2023 633 2092 sublime
653 2024 716 2092 iam
736 2026 844 2109 pectus
859 2025 1012 2092 inlecebra
1026 2025 1193 2096 saecularis
1208 2027 1344 2106 suomet,
1369 2025 1421 2091 nel
1438 2043 1480 2092 ne

348 2127 535 2213 largioribus
558 2129 658 2212 epulis
681 2147 768 2196 mens
790 2130 920 2215 manate
943 2129 1047 2196 minus
1061 2131 1101 2196 ad
1115 2149 1220 2214 preces
1243 2131 1391 2198 orationis
1409 2130 1517 2195 eni-ra

350 2231 439 2317 gilet.

321 2327 340 2393 i
392 2333 598 2400 Dissimulare
622 2332 698 2400 baec
721 2335 847 2420 singula
866 2335 898 2400 et
912 2335 994 2418 apud
1019 2335 1237 2402 conscientiam
1262 2353 1366 2402 meam
1391 2335 1478 2402 solus

351 2437 504 2504 occultus
523 2456 584 2504 non
604 2436 708 2517 debui,
733 2437 847 2520 quibus
872 2438 1083 2522 unnsquisque
1096 2439 1245 2506 ‘nostrum
1261 2440 1293 2505 et
1306 2437 1422 2504 instrui
1445 2439 1479 2504 et

350 2539 418 2625 regi
440 2539 548 2623 possit
569 2558 626 2606 nec
648 2529 712 2623 ipsi
731 2539 863 2622 denique
885 2540 968 2624 apud
989 2558 1045 2607 uos
1065 2541 1146 2607 hanc
1159 2540 1328 2625 epistulam
1341 2540 1477 2606 teneatis

351 2642 515 2723 omeliam,
540 2643 595 2708 sed
616 2642 780 2728 legendam
802 2643 952 2710 fratribus
974 2645 1159 2730 suggeratis.
1185 2645 1368 2728 intercipere
1391 2645 1516 2712 enimse

350 2744 463 2828 quibus
483 2763 538 2812 uos
553 2745 704 2813 Dominus
724 2745 888 2813 admonere
902 2748 934 2812 ct
947 2747 1100 2814 instruere
1115 2747 1263 2832 dignatum
1275 2748 1343 2814 eius
1357 2749 1476 2832 estqui

350 2847 509 2915 admoneri
528 2849 561 2914 et
574 2849 689 2916 instrui
712 2847 843 2916 fratrem
865 2869 957 2918 snum
980 2850 1068 2918 nolit.
1092 2850 1215 2935 probari
1237 2868 1293 2917 noe
1308 2869 1329 2916 a
1342 2851 1477 2917 Domino

349 2952 454 3017 nostro
474 2951 583 3031 sciant,
603 2969 659 3018 nea
673 2971 693 3018 a
705 2950 767 3018 fide
781 2972 843 3036 qua
856 2953 890 3020 in
904 2972 976 3021 eum
990 2955 1087 3020 semel
1102 2953 1290 3020 medidimns
1303 2955 1477 3038 praesentis

348 3072 510 3138 pressurae
535 3053 761 3121 conflictatione
784 3055 931 3124 deficiant
969 3057 1083 3124 debota
1104 3075 1161 3124 sua
1185 3056 1303 3143 singuli
1329 3075 1477 3142 recogno·

349 3158 470 3224 scentes
480 3157 532 3223 uel
543 3157 635 3222 modo
649 3159 911 3226 conseruationem
925 3161 1042 3228 ueteris
1056 3161 1192 3228 bominis
1207 3163 1369 3246 exponant.
1384 3181 1477 3229 nemo
1485 3180 1514 3224 a

349 3259 432 3325 onim
446 3260 528 3326 retro
539 3259 707 3326 adtendens
719 3262 751 3328 et
762 3281 969 3350 superponens
984 3282 1112 3331 manum
1126 3283 1215 3332 suam
1230 3282 1322 3348 snper
1336 3267 1477 3332 aratrum

449 3463 485 3519 aa
501 3464 536 3521 ci.
553 3464 616 3520 Luc
635 3465 661 3531 9,
679 3466 722 3521 62.

909 3639 916 3674 l
1041 3650 1052 3675 e
1306 3649 1331 3676 ιο

398 3681 698 3738 inauditasoeall
778 3683 929 3740 uambae
946 3683 1101 3755 eorporioll
1179 3683 1365 3756 trangnisd
1430 3697 1474 3738 er·

346 3767 463 3838 ploratio
480 3771 522 3824 eet
536 3769 570 3825 0¹
647 3769 730 3850 bpro
741 3770 858 3840 peccatis
875 3754 975 3826 nocuis
992 3754 1072 3841 Qdft
1089 3770 1206 3841 corporis
1224 3756 1319 3828 nrlnr'
1331 3787 1353 3826 e.
1365 3769 1383 3826 l
1394 3785 1428 3825 aa
1446 3772 1474 3834 2,

346 3855 461 3924 pectoris
476 3854 507 3920 V,
525 3854 643 3925 pectoris
659 3855 746 3911 nostri
763 3872 780 3912 o
858 3857 929 3927 snos]
947 3858 976 3912 et
993 3871 1040 3912 nus
1054 3855 1111 3914 GR
1187 3857 1205 3911 8
1221 3855 1408 3927 plurimnmd

346 3940 382 3995 10
397 3939 441 3996 dic
458 3955 493 3996 ea
509 3940 617 3998 dicitb
633 3941 971 4014 ea2,dicu0(dicd1)
1038 3943 1073 3998 12
1091 3940 1178 3998 adbuc
1195 3957 1245 3999 oea
1262 3942 1314 4000 ΟΒ
1381 3942 1414 3998 14
1430 3940 1475 3996 in·

346 4025 554 4082 lecebrasecnlas
571 4043 641 4084 corr.
659 4030 692 4086 ia
708 4027 872 4085 inlecebroso
889 4028 983 4100 poculo
1001 4043 1030 4086 ee
1044 4028 1068 4085 0
1082 4045 1115 4086 aa.
1131 4033 1150 4084 2
1227 4029 1263 4085 lb
1278 4029 1367 4084 nimus
1377 4027 1406 4084 B

346 4113 511 4169 orationibus
523 4114 552 4171 B
609 4116 643 4170 18
659 4117 781 4171 uerbum
795 4114 992 4188 OLNPQRV,
1010 4117 1167 4174 neema
1224 4115 1259 4171 19
1276 4115 1341 4172 base
1358 4113 1473 4185 epistola

296 4227 300 4234 ·
345 4199 462 4256 aream
479 4200 627 4257 omultaB
704 4201 919 4274 lupatribnsil
995 4201 1151 4260 ilderico
1229 4203 1287 4258 sius
1305 4200 1406 4271 aad

346 4284 382 4340 ab
397 4284 520 4341 nollitP
581 4287 694 4357 probare
704 4287 734 4344 R
799 4291 835 4345 23
851 4289 910 4360 nec]
928 4305 977 4346 nea
992 4305 1120 4361 nmquam
1136 4287 1176 4346 Vc
1244 4290 1279 4346 bd
1295 4286 1472 4344 assumtio

346 4372 448 4428 nemd
481 4433 485 4441 ,
508 4369 635 4430 deficiant
647 4415 654 4429 .
665 4415 688 4429 ..
702 4375 931 4432 condonationem
941 4393 991 4440 osa
1009 4376 1033 4434 0
1094 4379 1281 4446 cognoscentes
1296 4373 1320 4446 Q
1336 4374 1473 4446 (recogno-

271 4522 277 4537 .
346 4459 508 4529 scenteedl)
594 4460 629 4516 ld
645 4460 798 4520 tendensO
864 4477 943 4532 snper
961 4463 1090 4533 mabam]
1109 4465 1199 4545 aratro
1213 4464 1238 4520 0
1264 4519 1269 4530 ,
