3242 5159
284 497 348 562 392
678 491 826 546 Caecilii
844 492 1002 562 Cypriani

284 651 428 716 nudum
457 649 495 714 et
530 647 789 712 nestinimue?
825 647 978 730 qnando
1012 651 1139 715 autem
1171 653 1208 717 te
1242 653 1413 718 uidimus

284 753 483 819 infirmari
505 752 632 817 autin
654 770 809 817 oaroere
832 753 872 818 et
893 753 1071 818 uenimus
1093 753 1139 820 ad
1160 755 1221 820 te?
1242 758 1335 821 tune
1355 775 1413 822 re·

284 856 476 942 spondens
498 874 562 921 rex
584 855 691 921 dieet
713 856 787 920 eis:
826 874 933 920 amen
955 856 1039 921 dieo
1061 857 1190 934 uobis,
1226 859 1412 940 quamdiu

285 960 444 1026 fecistis
466 960 531 1024 uni
553 960 686 1024 horum
708 977 750 1022 ex
771 957 966 1025 fratribus
988 961 1083 1024 meis
1104 961 1293 1040 minimis,
1316 962 1412 1029 mihi

286 1063 454 1130 fecistis.
488 1066 583 1129 tune
616 1063 723 1128 diost
755 1062 845 1127 illis
880 1064 943 1146 qui
966 1083 984 1128 a
1006 1064 1173 1130 sinistre
1208 1067 1314 1130 sunt:
1351 1067 1451 1131 ‹li-⁵

286 1169 434 1233 seedite
463 1185 482 1232 a
510 1185 582 1244 me,
605 1166 829 1244 maledieti,
852 1167 891 1232 in
921 1167 1047 1252 ignem
1073 1170 1273 1234 aeternum
1303 1189 1413 1253 quem

286 1273 444 1354 parauit
464 1273 575 1354 pater
596 1289 701 1336 meus
723 1269 884 1336 diabole
906 1274 944 1337 et
966 1272 1120 1356 angelis
1142 1273 1235 1338 eius.
1259 1275 1412 1339 esuriui

286 1375 386 1442 enim
408 1374 447 1440 et
467 1393 539 1440 non
560 1375 729 1440 dedistis
750 1375 846 1440 mihi
868 1376 1112 1454 manducare,
1142 1377 1260 1444 sitini
1282 1379 1320 1444 et
1340 1397 1413 1444 non

286 1480 456 1562 potastis
489 1498 561 1556 me,
598 1477 738 1562 hospes
766 1477 824 1543 fui
847 1480 884 1544 et
905 1499 978 1545 non
999 1480 1222 1546 abduxistis
1244 1500 1317 1561 me,
1348 1503 1413 1548 nu-

287 1583 357 1648 dus
379 1584 416 1648 et
436 1599 511 1648 non
532 1581 719 1648 uestistis
741 1601 814 1660 me,
837 1581 1021 1649 infirmus
1053 1585 1089 1648 et
1119 1584 1157 1648 in
1190 1604 1345 1650 earcere
1376 1589 1453 1652 eoo

286 1705 358 1752 non
379 1685 549 1752 uenistis
570 1686 705 1763 adme.
740 1688 833 1751 tune
861 1687 1151 1771 respondebunt
1183 1691 1219 1754 et
1248 1689 1328 1772 ipsi
1359 1689 1414 1756 di-

286 1791 434 1856 eentes:
457 1789 635 1868 Domine,
667 1791 814 1873 quando
836 1793 873 1857 te
895 1792 1068 1857 uidimus
1090 1793 1326 1859 esurientem
1348 1797 1416 1860 aut

287 1893 497 1959 sitientem
527 1896 596 1960 aut
628 1895 827 1978 hospitem
858 1898 925 1962 aut
955 1897 1097 1962 nudum
1119 1900 1185 1962 aut
1208 1897 1414 1964 infirmum

286 1998 417 2062 autin
446 2017 598 2065 eernere
631 2000 670 2064 et
701 2019 774 2065 non
804 1999 1127 2066 ministrauimus
1160 2001 1259 2067 tibi?
1291 2004 1328 2066 et
1357 2023 1413 2068 re·

287 2102 496 2187 spondebit
517 2103 624 2169 iliis:
658 2105 874 2170 amandino
902 2105 1030 2181 uobis,
1065 2105 1246 2187 quamdiu
1268 2125 1340 2172 non
1363 2106 1451 2171 teo

287 2208 407 2273 eistis
436 2209 503 2273 uni
533 2227 574 2273 ex
602 2208 779 2274 minimis
800 2209 879 2286 his,
913 2227 1033 2291 neque
1054 2208 1151 2273 mihi
1173 2208 1341 2275 iacietis.
1377 2212 1416 2276 et

286 2312 453 2377 abibunt
473 2312 549 2378 isti
571 2312 610 2377 in
631 2311 759 2397 ignem
780 2313 1000 2390 aeternum,
1023 2313 1121 2377 insti
1144 2314 1275 2380 antem
1297 2315 1336 2379 in
1358 2314 1415 2378 ui·

287 2417 366 2481 tam
397 2417 607 2482 aeternam.
641 2415 717 2498 quid
742 2417 847 2498 potuit
871 2415 960 2481 nobis
983 2417 1084 2482 maius
1110 2415 1252 2482 Ohxistus
1275 2417 1415 2482 edicere?

286 2521 438 2602 quomodo
453 2519 554 2604 magis
579 2519 683 2604 potuit
708 2519 850 2584 iustitiae
875 2539 910 2584 ae
936 2520 1165 2587 miserimrdae
1179 2523 1303 2587 nostrae
1319 2539 1416 2603 opera

286 2628 473 2706 prouocare?
496 2643 591 2706 quam
606 2624 688 2707 quod
702 2623 856 2706 praestari
871 2624 952 2688 dixit
966 2624 1026 2689 eibi
1041 2625 1188 2707 quiequid
1204 2624 1308 2709 egenti
1323 2644 1413 2709 prae·
1423 2645 1449 2686 so

286 2729 389 2794 statur
414 2731 447 2794 et
471 2728 615 2811 pauperi,
643 2729 676 2792 et
700 2745 733 2793 se
757 2727 838 2792 dixit
861 2727 974 2792 offendi
997 2727 1058 2792 nisi
1073 2729 1177 2813 egenti
1192 2729 1369 2811 praestatus
1382 2741 1413 2794 et

285 2831 430 2916 pauperi,
453 2833 490 2896 ut
515 2831 569 2914 qui
582 2833 734 2914 ¹respectu
760 2829 868 2897 fratris
893 2831 926 2895 in
952 2831 1081 2896 eeclesia
1109 2849 1170 2897 non
1195 2833 1338 2897 mouetur
1364 2831 1416 2898 uel

285 2934 402 3000 Christi
418 2935 678 3018 contomplatione
692 2937 857 3001 moueatur
872 2937 904 3000 et
918 2935 972 3017 qui
987 2955 1048 3002 non
1062 2935 1179 3020 eogitat
1194 2936 1226 3000 in
1242 2935 1346 3000 labore
1360 2933 1415 3002 ae·

286 3057 345 3121 que
370 3038 404 3103 in
429 3039 568 3122 egestate
595 3056 775 3103 eonserumn
802 3037 852 3103 uel
873 3038 1043 3103 Dominum
1068 3039 1186 3123 eogitet
1208 3039 1242 3104 in
1267 3039 1335 3121 ipso
1361 3037 1415 3104 ille

286 3160 379 3225 quem
394 3141 526 3223 despicit
540 3142 690 3208 constitut
748 3193 754 3206 .
1426 3167 1454 3208 a

235 3243 276 3306 2⁴
328 3245 371 3310 Et
384 3245 514 3322 ideireo,
538 3245 649 3310 fratres
672 3246 841 3326 carissimi,
865 3247 978 3329 quibus
1000 3249 1103 3314 metus
1125 3248 1158 3313 in
1180 3249 1282 3314 Deum
1304 3263 1416 3332 prmus

286 3352 335 3416 est
348 3352 381 3416 et
395 3351 498 3432 spreto
513 3349 691 3432 calcatoque
705 3351 769 3414 iam
784 3350 900 3416 mundo
921 3351 960 3417 ad
975 3371 1105 3436 superna
1121 3354 1152 3417 et
1167 3351 1274 3416 diuina
1294 3351 1417 3418 animus

286 3455 406 3521 erectus
421 3456 486 3532 eet,
509 3453 570 3520 fide
584 3453 693 3534 plena,
716 3455 821 3520 mente
836 3453 963 3534 deuota,
987 3455 1163 3539 operatione
1179 3455 1325 3520 continua
1344 3471 1417 3538 pro·

284 3557 430 3626 merendo
444 3557 577 3622 Domino
592 3557 775 3639 obsequium
790 3557 1001 3643 praebeamus.
1038 3559 1146 3624 demus
1168 3557 1291 3624 Christo
1318 3557 1415 3622 sesti·

342 3817 360 3870 2
377 3817 510 3871 indrmari
521 3813 662 3882 FWeV,
680 3816 845 3872 infirmumo
905 3821 954 3873 aut
966 3818 1005 3882 F,
1024 3819 1053 3872 et
1068 3815 1148 3880 We,
1167 3819 1195 3869 ei
1207 3813 1379 3868 uisitasimus
1390 3814 1420 3866 te

288 3907 337 3959 eut
353 3905 379 3959 V
428 3919 559 3958 eareerem
570 3903 600 3956 F
649 3904 820 3959 edicione
870 3905 968 3960 5dioit
979 3904 1020 3968 F,
1039 3903 1111 3958 diost
1123 3905 1179 3958 eto
1233 3899 1267 3955 sd
1279 3899 1420 3956 sinistram

288 3991 361 4047 FGo
413 3991 575 4057 euntFGV,
588 4008 638 4046 om.
651 3993 696 4057 W,
709 3992 767 4047 eius
779 3995 888 4048 erunto
939 3993 956 4046 9
975 3989 1124 4045 adduxistis
1137 4007 1161 4054 v,
1174 3985 1369 4058 suscepisses*

290 4078 325 4132 10
340 4077 475 4148 uestietis]
489 4079 664 4148 oooperuistie
676 4078 707 4131 F
789 4077 913 4133 infirmus
931 4081 960 4132 et
975 4093 1029 4132 non
1041 4075 1178 4132 uisitastis
1190 4091 1233 4128 me
1247 4075 1274 4130 in
1286 4087 1420 4128 uersarem

289 4164 320 4217 F
381 4165 413 4218 11
424 4163 773 4230 uenmtieaanisitmtis
782 4165 865 4221 Weo
929 4164 961 4219 17
974 4163 1171 4217 ambibnntW¹
1232 4161 1322 4232 ignem
1332 4161 1420 4214 aeter·

290 4268 354 4305 num
366 4252 407 4314 F,
424 4251 620 4306 ambustionem
637 4255 774 4306 aeternam
793 4251 878 4307 WGo
965 4251 999 4305 19
1016 4251 1086 4304 maie
1103 4247 1143 4301 θ’
1235 4247 1274 4316 ao]
1287 4247 1315 4299 et
1330 4247 1369 4302 W

289 4337 325 4391 20
340 4340 478 4407 praestare
494 4337 542 4391 W·
618 4337 749 4407 quidquid
760 4339 804 4392 nu
873 4339 906 4392 21
926 4339 1077 4407 praestetur
1093 4353 1110 4392 o
1179 4335 1213 4389 22
1232 4333 1336 4402 deiris]
1353 4348 1422 4402 psu-

289 4425 362 4496 peris
378 4425 404 4478 V
453 4425 488 4479 24
505 4425 665 4494 illoipsoG
724 4425 759 4480 26
775 4421 1180 4495 pmmtueaopruninanti
1236 4419 1273 4474 28
1290 4419 1422 4474 &exet

295 4514 372 4566 Wou
387 4516 407 4566 2
457 4513 493 4566 29
510 4511 603 4566 demus
615 4527 650 4566 ex
661 4511 787 4566 debemus
804 4512 917 4566 Wou2
