3242 5159
313 507 378 574 548
703 505 853 562 Caecilii
874 507 1036 576 Cypriani

316 662 458 728 absentes
474 681 549 742 esse,
566 681 681 746 paucos
696 683 769 730 uero
784 665 838 747 qui
853 665 921 730 illic
936 667 1009 730 sunt
1024 665 1077 731 uix
1093 666 1133 732 ed
1143 667 1354 733 ministerium
1372 670 1457 734 coti-

315 767 445 832 dianum
468 768 569 850 operis
592 767 742 847 sufficere,
768 787 893 834 necesse
916 767 978 834 suit
999 787 1095 835 nouos
1117 769 1237 851 aliquos
1259 771 1456 836 constituere

316 871 370 953 qui
392 872 600 937 mitterentur.
625 871 735 936 fecisse
757 873 934 937 meantem
956 873 1062 938 sciatis
1085 873 1234 938 lectorem
1250 872 1401 938 Satumm
1418 876 1455 939 et

316 974 563 1058 hypodiaconum
578 974 731 1057 Optatum
745 975 961 1054 confessorem,
983 995 1059 1059 quos
1075 977 1138 1041 iam
1153 977 1275 1059 pridem
1290 981 1454 1042 communi

315 1078 443 1144 consilio
458 1079 539 1145 clero
553 1079 708 1161 proximos
720 1078 901 1162 feceramus,
918 1079 1039 1162 quando
1050 1081 1106 1146 aut
1117 1079 1228 1146 Saturo
1241 1080 1292 1145 die
1302 1080 1447 1146 Paschae
1461 1101 1474 1140 ε

317 1183 412 1248 semel
428 1183 521 1265 atque
535 1183 650 1248 itemm
665 1183 832 1248 lectionem
847 1182 990 1248 dedimus
1005 1183 1060 1248 aut
1074 1183 1165 1250 modo
1178 1183 1454 1266 compresbyteris

318 1285 495 1350 doctoribus
510 1287 639 1351 lectores
654 1286 822 1370 diligenter
836 1287 1045 1369 probaremus,
1062 1285 1215 1369 Optatum
1226 1287 1308 1352 inter
1320 1286 1455 1352 lectores

319 1389 480 1456 doctorum
501 1390 695 1455 audientium
711 1390 942 1469 constituimus,
965 1391 1174 1456 examinantes
1190 1410 1230 1455 au
1245 1391 1455 1475 congruerent

319 1493 385 1558 illis
406 1494 510 1559 omnia
531 1512 608 1576 quae
629 1511 695 1559 esse
716 1493 863 1558 deberent
878 1495 911 1558 in
925 1493 975 1559 his
992 1495 1045 1576 qui
1059 1494 1098 1559 ad
1114 1495 1231 1559 olerum
1247 1494 1454 1576 parabantur.

318 1597 398 1662 nihil
421 1614 494 1681 ergo
509 1616 527 1660 a
542 1617 592 1668 me
612 1597 791 1662 absentibus
816 1596 906 1662 uobis
929 1615 1044 1663 nouum
1068 1596 1187 1662 laetum
1209 1599 1265 1676 est,
1293 1596 1348 1662 sed
1368 1597 1456 1679 qued
1469 1620 1498 1659 lu

318 1701 383 1764 iam
397 1699 517 1783 pridem
533 1700 690 1765 communi
705 1701 834 1766 consilio
850 1702 989 1766 omnium
1003 1702 1145 1766 nostrum
1160 1703 1303 1784 coeperat
1317 1701 1456 1766 necessi-

320 1804 387 1868 tate
409 1803 561 1887 urguente
574 1805 752 1884 promotum
768 1805 824 1870 est.
846 1805 917 1888 opto
933 1823 999 1884 uos,
1016 1803 1127 1870 fratres
1143 1804 1307 1884 carissimi,
1330 1821 1457 1886 semper

319 1906 396 1972 bene
411 1905 515 1971 ualere
530 1907 562 1970 et
576 1907 675 1972 nostri
690 1907 879 1972 meminisse.
895 1905 1124 1973 fraternitatem
1139 1907 1283 1973 salutate.
1300 1908 1413 1973 ualete.

372 2196 522 2250 labsentes
535 2195 572 2248 Μ
580 2195 628 2249 aed
635 2195 721 2264 prius
733 2210 746 2246 s
757 2211 778 2248 e.
792 2195 818 2259 l,
831 2193 961 2248 habentes
974 2194 1040 2248 Eoo
1128 2211 1184 2249 esse
1195 2211 1278 2266 oeup
1367 2199 1462 2265 quoti·

320 2283 396 2338 diaui
407 2300 444 2352 μυ
521 2282 636 2351 asperis
649 2298 698 2336 om.
712 2302 734 2334 ω
813 2282 1026 2351 3mitterentur]
1039 2282 1196 2336 ministrent
1209 2303 1231 2336 ω
1310 2287 1403 2337 autem
1416 2299 1461 2337 me

320 2371 401 2436 anm
414 2373 504 2424 autem
518 2369 665 2423 masclatis
678 2369 756 2439 pacd
767 2385 810 2422 me
823 2368 961 2423 solatiam.
975 2371 995 2422 2
1008 2369 1071 2422 add.
1162 2369 1276 2424 sutirum
1287 2389 1308 2423 ω
1398 2371 1419 2426 4
1431 2371 1463 2422 et

320 2459 443 2528 optatum
455 2456 521 2510 EM
523 2457 584 2510 Τοω
681 2456 843 2525 bproximos
860 2456 890 2520 Τ,
907 2457 1026 2525 proximo
1038 2455 1170 2524 ΕΜομω,
1189 2472 1249 2510 eum
1264 2455 1381 2524 proxima
1399 2457 1426 2510 V

320 2544 470 2600 bdedimus
491 2559 561 2598 corr.
583 2542 890 2611 caduniensem
908 2544 940 2596 in
957 2559 1044 2612 marp.
1143 2542 1230 2612 modo]
1253 2542 1358 2611 quando
1370 2561 1388 2597 o

321 2631 336 2684 'l
350 2630 499 2685 dictoribus
511 2629 621 2695 ΕΜοω,
640 2628 755 2684 doctoris
772 2629 799 2684 V
887 2628 1032 2683 lectoribus
1045 2629 1121 2696 Eoo,
1140 2629 1299 2698 lectoremp
1392 2628 1460 2683 dili-

321 2720 415 2788 genter
429 2716 595 2770 ...lectores
607 2732 657 2770 era
670 2715 772 2770 ΕΜοω
855 2715 1035 2784 probaremus]
1053 2728 1223 2784 properemus
1238 2716 1265 2769 T
1343 2714 1459 2768 lectores

322 2803 451 2858 calcatos
463 2807 561 2871 peu2
637 2801 827 2856 8doctoremo
903 2802 1091 2855 constituimus
1103 2818 1119 2856 o
1130 2818 1151 2856 a.
1164 2803 1182 2855 l.
1195 2805 1260 2856 m.2
1329 2817 1460 2870 congrue·

320 2893 382 2944 rent
393 2906 427 2944 ac
439 2890 613 2943 constiterant
624 2909 644 2957 μ
656 2891 721 2942 m.2
771 2889 941 2958 besse—qui
952 2905 1003 2942 om.
1014 2909 1035 2941 ω
1088 2887 1187 2943 debent
1197 2905 1221 2952 o,
1235 2888 1376 2942 deberetur
1388 2893 1424 2957 μι

321 2976 358 3030 iis
370 2994 387 3031 o
445 2977 492 3044 qui
504 2993 538 3029 ea
549 2991 617 3043 quae
628 2976 659 3029 Ε
667 2992 701 3030 m.
714 2977 742 3038 2,
755 2989 825 3044 quae
836 2991 873 3043 μο
931 2973 1096 3045 parabuntur
1111 2977 1137 3030 Τ
1198 2974 1233 3028 10
1244 2991 1307 3044 ergo
1320 2974 1391 3029 nihil
1403 2995 1425 3043 μ

322 3065 426 3119 factum
442 3064 483 3116 ost
500 3079 589 3130 emp
687 3063 777 3115 actum
793 3062 832 3115 Μ
926 3076 977 3129 quo
996 3082 1018 3115 ω
1116 3061 1150 3114 12
1167 3063 1229 3130 opto
1300 3061 1389 3115 nalete
1406 3077 1458 3116 cm.

298 3215 304 3225 ,
324 3151 424 3205 Edico
493 3151 528 3204 13
538 3149 628 3203 ualete
644 3165 694 3204 orn.
707 3170 735 3219 μ.
750 3179 779 3187 -
792 3149 916 3219 Epistola
928 3149 1048 3217 cipriani
1066 3148 1100 3202 ad
1116 3149 1217 3202 clerum
1234 3149 1375 3202 insinuans
1386 3148 1460 3216 quod

323 3238 399 3293 ultra
414 3253 457 3292 me
474 3237 582 3290 litteras
602 3236 726 3290 mitteret
746 3235 841 3289 fecisse
859 3251 887 3289 se
904 3233 1034 3304 Optatum
1054 3234 1268 3304 hypodiaconum
1286 3237 1314 3288 et
1331 3235 1460 3288 lectorem

324 3324 452 3380 Saturum
463 3323 574 3394 explicit
587 3325 618 3388 T,
636 3322 679 3377 nd
691 3323 791 3377 clerum
802 3320 849 3391 (ad
861 3322 960 3375 clerum
972 3337 1021 3376 om.
1035 3321 1081 3388 Μ)
1092 3321 1233 3376 insinuans
1247 3320 1317 3390 quod
1329 3322 1461 3389 utrasque

324 3413 450 3482 (chaque
459 3413 505 3481 Μ)
513 3411 613 3464 Romae
623 3409 731 3464 litteras
742 3409 864 3464 misisset
875 3424 935 3463 cum
945 3411 1070 3477 optatum
1082 3408 1283 3479 hyppodiacono
1295 3410 1324 3463 et
1332 3409 1460 3463 lectorem

324 3497 453 3554 Saturum
464 3496 577 3568 explicit
588 3496 658 3562 EM,
670 3496 790 3566 Explicit
801 3495 837 3550 ad
848 3495 949 3550 clerum
961 3493 1111 3564 epistolae,
1124 3510 1174 3550 oon.
1188 3515 1240 3565 μω.
1254 3523 1287 3536 -
