3242 5159
480 506 641 577 Epistula
657 504 951 561 exitu-LXXVI
1214 506 1277 571 827

36 678 49 739 5³
152 684 261 751 corpus
285 686 391 743 unum,
415 664 615 731 manifestum
636 664 684 729 est
705 681 761 728 nee
781 662 939 745 baptisma
958 659 1046 726 nobis
1068 663 1100 726 et
1114 659 1279 725 haereticis

153 790 315 838 commune
344 786 409 836 esse
438 786 536 852 pesse,
566 767 679 850 quibus
707 766 788 831 nihil
816 767 865 831 est
893 764 1015 831 omnine
1044 781 1215 830 commune.
1246 764 1279 828 et

36 892 50 952 3
154 879 259 941 tamen
281 891 341 939 non
361 874 458 958 pudet
473 870 664 955 Stephanum
684 868 801 935 talibus
823 869 971 934 aduersus
992 867 1155 933 eeclesiam
1170 867 1278 949 patre·

36 1034 50 1041 ,.
153 978 269 1045 ciuium
291 978 447 1060 praestare
462 978 494 1041 et
507 976 633 1058 prepter
652 971 822 1037 haereticos
843 971 1028 1037 adserentes
1048 968 1278 1035 fraternitatem

36 1102 49 1147 c
135 1080 305 1159 esciudere,
320 1079 445 1163 insuper
460 1079 492 1143 et
507 1076 695 1161 cyprianum
709 1074 980 1159 pseudochristum
993 1075 1026 1139 et
1039 1072 1279 1156 pseudoaposto-

37 1210 49 1253 i
151 1186 219 1251 lum
235 1185 266 1248 et
280 1182 422 1247 dolesum
442 1180 616 1263 operarium
636 1179 752 1245 dicere:
774 1178 828 1260 qui
842 1177 949 1242 emnia
963 1176 997 1242 iu
1010 1195 1043 1242 se
1059 1194 1125 1241 esse
1139 1175 1279 1241 conscius

36 1318 41 1359 ε
151 1286 312 1375 praeuenit
338 1287 375 1351 ut
400 1284 491 1350 alteri
517 1302 553 1349 ea
576 1301 630 1364 per
657 1282 854 1348 mendacium
882 1280 1019 1346 obiceret
1047 1298 1126 1363 quse
1151 1280 1218 1362 ipse
1243 1296 1279 1343 ac

36 1418 48 1464 ς
152 1391 266 1456 meritc
280 1388 388 1461 audire
402 1388 536 1453 deberet.
552 1386 671 1451 tenete
682 1384 786 1452 ualere
802 1384 946 1450 omuibus
962 1382 1050 1448 nobis
1065 1401 1137 1447 cnm
1151 1382 1278 1447 uniuer-

36 1526 47 1569 ῃ
153 1495 196 1559 sis
211 1492 310 1577 quiin
321 1489 429 1556 Africa
443 1491 516 1555 erint
531 1488 682 1571 episcopis
697 1490 729 1554 et
744 1487 865 1553 cunctis
880 1485 1002 1552 clerIcis
1018 1487 1050 1550 et
1064 1484 1150 1550 emni
1165 1484 1277 1549 steter-

40 1632 46 1673 2
118 1617 145 1659 re
152 1598 252 1663 nitate
266 1594 405 1661 uniuersi
419 1594 572 1677 optamus,
592 1594 629 1658 ut
643 1594 789 1675 perpetuo
804 1590 968 1655 unanimes
982 1592 1014 1654 et
1028 1608 1127 1653 unum
1141 1588 1278 1653 sentien-

36 1722 45 1782 ÷;
152 1700 200 1765 tce
215 1698 383 1764 habeamus
397 1696 559 1763 nobiscum
574 1696 670 1761 etiem
684 1696 722 1760 de
736 1694 905 1779 longinque
920 1694 1079 1758 mutuatos.

382 1985 768 2097 EPISTVLA
803 1982 1050 2095 LXXVI.
1132 2053 1135 2057 =

36 2194 40 2273 [
227 2190 429 2246 CYPRIANVS
447 2190 654 2247 NEMESIANO
672 2189 793 2245 FELICI
810 2188 916 2245 avolo
933 2187 1065 2243 ALTERI
1082 2185 1205 2243 TELICI

36 2280 39 2289 ’
154 2275 283 2331 LITTEO
301 2274 456 2331 POLIANO
475 2276 620 2332 VICTORI
638 2275 764 2331 IADERI
782 2274 917 2331 DATIVO
937 2273 1171 2337 COEPISCOPIS,
1188 2272 1280 2327 ITEM

121 2374 145 2413 rt
156 2362 466 2420 COMPRESBYTERIS
488 2362 533 2417 ET
550 2360 766 2419 DIACONIBVS
789 2359 835 2413 ET
853 2360 1000 2414 CETERIS
1018 2358 1218 2413 FRATRIBVS
1237 2358 1279 2415 IN

36 2474 38 2517 5
153 2448 319 2505 IIETALLO
337 2446 569 2504 CONSTITVTIS
586 2446 817 2501 MARTYRIBVS
835 2446 897 2500 DEI
913 2444 1042 2501 PATRIS
1055 2444 1278 2502 OMNIPOTEN·

36 2614 37 2619 *
154 2535 210 2589 Tis
227 2535 272 2589 ET
289 2534 370 2589 IESV
388 2532 533 2589 CHRISTI
549 2532 683 2588 DOMINI
700 2533 831 2589 NOSTRI
847 2533 893 2587 ET
909 2533 972 2587 DEI
990 2531 1279 2589 consparsionis

522 2616 653 2677 NOSTRI
671 2618 868 2674 AETERNAE
885 2619 911 2673 S.
942 2631 945 2636 ⁴

198 2826 304 2893 Gloria
339 2826 465 2911 quidem
494 2829 598 2893 uesta
625 2826 780 2910 poscebat,
815 2827 988 2893 beatissimi
1018 2846 1055 2893 cc
1083 2827 1306 2899 dilectissimi!

121 2929 278 3008 citatum,
304 2933 340 2996 ut
360 2931 399 2995 ad
415 2932 611 3014 conspectum
633 2928 732 3012 eique
754 2928 794 2995 ed
808 2930 989 3014 conplexum
1011 2933 1152 2997 uestrum
1175 2930 1279 2996 uenire

154 3033 220 3116 ipse
232 3033 385 3112 deberem,
400 3034 461 3099 nisi
474 3054 523 3101 me
535 3051 655 3117 quoque
670 3034 709 3099 ob
721 3034 944 3100 confessionem
957 3036 1092 3101 neminis
1106 3037 1279 3120 relegatum

155 3136 312 3220 praefiniti
333 3136 392 3202 loci
413 3138 538 3203 termini
560 3140 741 3204 coercerent.
763 3137 817 3203 sed
838 3138 990 3220 quomode
1009 3156 1137 3222 pessum
1155 3158 1279 3223 reprae-

156 3242 242 3305 sento
264 3258 313 3305 me
337 3240 425 3305 uobis
441 3242 473 3304 et
487 3242 525 3306 ei
545 3260 601 3307 uos
623 3242 745 3307 etiamsi
770 3260 894 3325 corpere
914 3242 946 3307 et
967 3260 1074 3329 gressu
1095 3243 1200 3307 uenire
1221 3262 1281 3308 non

206 3479 262 3532 let
275 3477 296 3533 1
304 3494 324 3533 e.
339 3479 366 3548 i,
379 3495 427 3534 nec
439 3477 515 3550 EQI
599 3480 730 3550 ttamen]
744 3480 861 3545 ameE',
875 3479 1087 3535 emollescat.
1100 3480 1247 3534 ueltamen

153 3561 171 3616 4
183 3563 325 3618 adserendo
336 3563 408 3635 EQ,-
426 3566 491 3632 fort.
511 3566 659 3620 haereticos
671 3582 714 3621 ees
726 3566 871 3620 adserendo
1024 3565 1041 3620 6
1053 3565 1110 3635 qui]
1129 3580 1197 3634 quae
1210 3564 1245 3619 Ie

153 3648 221 3719 iac]
235 3666 265 3704 cx
279 3650 311 3705 Ic
396 3650 563 3705 tuobiscum
576 3653 646 3707 ccci.
661 3652 762 3718 Recte
775 3652 854 3707 bonis
866 3668 926 3706 enm
936 3651 1003 3717 fort.
1096 3650 1251 3706 9aii'riea1

154 3734 188 3789 10
199 3734 347 3791 unianimes
359 3734 419 3806 EQ.
433 3764 465 3775 -
477 3734 631 3791 Tirmilmui
644 3736 754 3807 explicit
762 3737 824 3807 EQ,
838 3754 888 3792 cet
901 3740 926 3792 Ι.
938 3766 972 3777 -

204 3820 291 3891 Epist,
304 3820 423 3875 LXXVI.
437 3850 469 3861 -
481 3821 582 3893 Incipit
598 3821 632 3878 sd
650 3826 783 3893 martyrae
800 3826 943 3893 (martyres
954 3822 998 3894 N)
1015 3825 1043 3878 et
1060 3823 1223 3877 comessores
1240 3824 1280 3894 (in

153 3906 263 3961 metallo
275 3907 437 3962 constitutos
449 3907 514 3963 add.
525 3908 621 3978 LNP)
635 3908 761 3979 LMNP,
775 3910 878 3979 Incipit
889 3910 924 3965 sd
934 3909 1125 3965 Nemesianum
1137 3912 1166 3964 et
1177 3912 1280 3965 ceteros

154 3994 193 4061 (ct
210 3996 311 4047 ceteros
328 3992 487 4047 confessores
505 3994 570 4049 cdd.
582 4010 604 4050 e.
617 3996 634 4049 l.
651 3999 684 4065 0)
701 3996 730 4051 iu
748 3996 859 4052 metullo
876 3996 1039 4051 constitutos
1057 3996 1185 4063 (feliciter
1202 4012 1280 4051 emen

153 4078 267 4165 ‘Mac'
284 4079 341 4136 ΟΒ.
354 4108 387 4117 -
399 4080 433 4133 13
444 4080 531 4167 111εέ
541 4080 570 4137 R
704 4082 848 4139 lincaeo
859 4082 958 4138 ΜΝ
1083 4083 1193 4151 puliano
1203 4084 1244 4139 12¹

154 4178 230 4233 coepe
246 4164 269 4220 0
365 4164 398 4219 15
409 4166 533 4235 eumprbr
544 4166 582 4220 Μ
678 4170 706 4222 et
716 4168 875 4223 diaconibus
886 4172 916 4223 et
927 4168 1022 4223 ceteris
1034 4185 1083 4223 cca
1097 4169 1125 4226 R
1222 4169 1280 4225 ia-
1392 4162 1396 4171 ¹

154 4248 266 4307 cunc
367 4252 399 4306 17
412 4250 513 4306 domini
526 4253 621 4323 nestri]
634 4252 737 4307 domini
748 4254 827 4310 mac
928 4253 973 4309 (lei
983 4271 1033 4309 cm.
1046 4254 1076 4311 R
1178 4270 1280 4309 consa-

154 4335 266 4406 uetcris]
279 4337 471 4393 ecnselustcris
483 4337 510 4392 L
608 4339 643 4393 20
654 4338 739 4408 adque
751 4340 794 4409 ad]
807 4338 869 4409 adq.
885 4340 909 4395 0
1003 4340 1037 4394 21
1049 4339 1108 4409 ipse
1119 4340 1248 4395 uenireG

155 4418 301 4491 religatum
319 4424 381 4479 0²1>
483 4424 518 4478 22
529 4424 695 4495 praefinitiui
709 4426 769 4480 Oui
781 4443 817 4481 ex
828 4426 858 4481 bi
961 4428 1081 4481 coercent
1091 4425 1129 4480 11¹
