3242 5159
294 525 359 590 340
702 527 848 582 Caecilii
867 528 1029 598 Cypriani

294 681 591 765 corruptibilis,
627 681 727 749 iacis
754 685 854 767 quod
885 683 960 750 uis.
993 685 1081 751 noli
1115 690 1247 752 autem
1282 689 1426 768 putare

293 803 413 870 genus
448 787 624 852 nostrum
658 807 676 852 a
712 789 787 854 Deo
820 788 1061 855 derelictum
1084 809 1177 854 esse.
1200 792 1356 856 sustine
1384 793 1423 856 et

293 889 382 954 uide
397 909 533 974 magna
554 892 728 972 potestas
751 892 835 956 eius
857 893 1033 974 qualiter
1054 898 1091 960 te
1112 896 1150 959 et
1172 896 1421 960 sementuum

292 993 503 1075 torquebit.
538 994 628 1077 quale
654 995 734 1060 illud
749 995 963 1062 leuamentum
978 997 1039 1062 fuit
1058 998 1209 1082 martyri,
1233 1016 1326 1080 qnam
1351 1016 1424 1061 ma-

291 1115 404 1180 gnum,
427 1116 522 1179 quam
548 1097 663 1182 grande
688 1099 839 1163 solacium
854 1099 887 1163 iu
903 1100 1091 1166 cruciatibus
1106 1101 1172 1166 suis
1186 1119 1248 1166 non
1263 1102 1423 1165 tormenta
1450 1126 1465 1165 s

290 1201 412 1282 propria
427 1201 563 1284 cogitare
586 1201 639 1266 sed
665 1203 790 1268 tortoris
814 1204 864 1267 sui
889 1202 1042 1286 supplicia
1067 1203 1261 1287 praedicare!
1284 1204 1317 1268 in
1331 1206 1421 1269 serto

290 1321 362 1369 uero
376 1321 437 1368 non
452 1304 552 1368 rrirtus
569 1304 634 1370 sola
649 1305 702 1370 sed
718 1308 750 1371 et
764 1306 930 1372 humilitas
947 1307 1152 1390 praedicande
1167 1308 1231 1383 est,
1254 1305 1335 1370 nihil
1356 1305 1421 1371 sibi

290 1407 459 1490 martyrem
475 1406 646 1473 uindicasse
662 1427 717 1474 nec
732 1409 932 1475 confessionis
947 1429 1021 1475 suae
1035 1409 1183 1475 honorem
1197 1408 1339 1491 superbis
1361 1427 1421 1472 uo·

290 1510 377 1574 cibus
393 1511 574 1590 uentilasse,
598 1512 731 1594 peccatis
745 1513 852 1596 potius
866 1514 933 1578 suis
948 1513 1147 1596 adscripsisse
1169 1513 1252 1596 quod
1274 1530 1421 1595 persecu·

290 1613 407 1679 tionem
421 1633 440 1679 a
454 1633 525 1699 rege
539 1617 711 1697 pateretur,
735 1617 800 1682 Deo
815 1634 887 1681 uero
902 1615 1022 1681 dedisse
1036 1617 1118 1698 quod
1132 1616 1332 1698 postmodum
1346 1615 1420 1679 uin-
1432 1639 1461 1678 ιο

290 1716 453 1784 dicaretur.
477 1719 583 1784 docuit
598 1738 662 1786 esse
677 1723 831 1804 martyras
847 1721 1043 1798 uerecundos,
1070 1721 1109 1786 de
1124 1719 1243 1784 ultione
1265 1717 1360 1782 fidere
1385 1723 1420 1783 et

289 1820 369 1886 nihil
384 1820 416 1886 in
430 1823 571 1904 passione
586 1823 708 1890 iactare.
738 1824 833 1900 noli,
855 1824 975 1906 inquit,
999 1823 1154 1888 frustra
1176 1840 1315 1887 errare.
1350 1839 1421 1885 nos

289 1925 388 1991 euim
410 1929 566 2010 prepter
598 1928 746 1993 uosmet
775 1929 882 2011 ipsos
904 1927 994 1992 haee
1015 1927 1189 2007 patimur
1209 1925 1420 2008 peccantes

288 2029 458 2096 inDeum
480 2035 663 2096 nostrum.
687 2033 728 2095 tu
751 2032 880 2096 autem
901 2050 945 2097 ne
968 2032 1005 2095 te
1026 2030 1231 2094 existimes
1264 2027 1419 2109 inpuni-

288 2137 368 2200 tum
390 2133 566 2200 futurum
588 2136 797 2219 adgressus
819 2152 991 2219 pugnare
1013 2151 1094 2198 cum
1110 2133 1199 2198 Deo.
1222 2131 1418 2197 admirabilis
1430 2156 1455 2196 e

288 2257 408 2321 quoque
434 2242 535 2306 mater
561 2257 638 2321 quae
663 2258 718 2304 nee
744 2257 833 2304 serus
857 2237 1039 2302 infirmitate
1060 2236 1230 2301 frantanes
1244 2233 1417 2316 multiplici

288 2343 421 2409 orbitate
436 2345 590 2409 commota
605 2343 769 2408 morientes
785 2342 899 2407 liberos
915 2341 1070 2424 spectauit
1084 2339 1217 2404 libenter
1230 2356 1287 2402 nec
1300 2353 1416 2420 poenas

287 2447 359 2513 illas
373 2449 536 2532 pignerum
551 2446 605 2512 sed
627 2447 741 2532 glorias
764 2446 973 2528 computauit.
996 2448 1063 2510 tam
1089 2444 1205 2527 grande
1228 2443 1416 2525 martyrium

287 2552 353 2618 Deo
367 2551 516 2635 praebens
538 2551 656 2617 uirtute
679 2550 839 2616 oculorum
862 2567 989 2614 suorum
1011 2568 1106 2630 quam
1128 2547 1333 2631 praebuerant
1354 2545 1415 2610 filii

288 2655 354 2722 eius
364 2657 527 2722 tormentis
540 2659 572 2722 et
582 2656 724 2741 passione
734 2655 952 2720 membromm.
976 2673 1048 2720 cum
1058 2672 1111 2718 ser
1126 2651 1244 2734 punitis
1258 2653 1292 2717 et
1305 2650 1414 2715 occisis
1427 2666 1456 2708 ao

288 2761 460 2842 superesset
482 2777 560 2824 unus
583 2778 619 2824 er
641 2758 806 2835 fratribus,
829 2759 879 2824 eui
901 2775 953 2823 rex
976 2756 1105 2821 diuitias
1128 2758 1159 2820 et
1181 2755 1360 2838 potentatus
1383 2755 1417 2818 et

287 2861 389 2929 multe
402 2861 607 2944 pollicebatur
621 2861 657 2927 ut
672 2861 843 2927 cmdelitas
858 2861 925 2926 eins
940 2878 976 2925 ac
990 2859 1100 2924 feritas
1115 2859 1167 2924 uel
1181 2858 1274 2923 unius
1289 2855 1416 2921 subacti

288 2965 400 3032 solacio
415 2967 585 3044 spueretur,
609 2967 641 3031 et
656 2967 775 3049 peteret
801 2967 836 3030 ut
862 2965 901 3030 ad
916 2964 1017 3029 lilium
1032 2963 1226 3028 deiciendum
1240 2979 1346 3026 seeum
1360 2958 1416 3024 de-

288 3069 463 3152 precaretur
477 3073 508 3134 et
522 3069 631 3148 mater,
647 3070 809 3151 deprecate
823 3072 872 3134 est
886 3068 960 3145 illa,
976 3067 1030 3133 sed
1045 3071 1082 3131 ut
1096 3065 1225 3130 decebat
1238 3065 1414 3146 martyrum

288 3175 430 3251 matrem,
447 3175 483 3239 ut
498 3172 624 3238 decebat
638 3174 719 3258 legis
734 3174 765 3237 et
779 3173 840 3238 Dei
854 3190 1039 3249 memorem,
1054 3172 1091 3236 ut
1106 3170 1234 3236 decebat
1247 3168 1328 3232 filios
1343 3182 1415 3230 suos
1424 3183 1452 3225 se

287 3293 347 3340 non
362 3276 492 3343 delicate
507 3277 561 3343 sed
575 3275 699 3343 fortiter
713 3277 906 3361 diligentem.
929 3277 1094 3360 deprecata
1115 3277 1163 3340 eet
1185 3273 1284 3348 enim,
1307 3269 1362 3334 sed
1376 3271 1414 3333 ut

287 3378 388 3446 Deum
417 3381 623 3447 eonfiteretur.
646 3382 809 3465 deprecata
831 3382 879 3445 est
899 3400 938 3446 ne
959 3399 978 3445 a
999 3379 1148 3444 iratribus
1175 3376 1240 3441 suis
1262 3374 1358 3439 frater
1380 3371 1414 3436 in

287 3485 439 3552 consortio
453 3485 554 3551 laudis
569 3487 601 3550 et
615 3485 732 3569 gloriae
747 3487 957 3570 separaretur,
981 3486 1056 3549 tunc
1078 3501 1111 3547 se
1132 3481 1252 3563 septem
1273 3477 1411 3542 filiorum

286 3593 456 3674 conpetens
470 3589 620 3668 matrem,
643 3590 671 3656 si
694 3589 756 3655 sibi
778 3589 970 3674 contingeret
992 3588 1072 3655 filios
1095 3591 1213 3672 septem
1228 3583 1293 3646 Deo
1307 3577 1412 3662 potius

389 3759 423 3813 12
440 3759 469 3813 II
481 3759 563 3813 Maec.
577 3760 601 3826 i,
614 3759 648 3812 18
660 3775 699 3828 sq.

338 3913 355 3966 2
372 3928 429 3967 esse
440 3912 595 3970 derelictum
607 3915 647 3971 W
713 3913 730 3968 3
748 3929 847 3985 magne
857 3918 978 3986 potestas
990 3917 1096 3981 WRV,
1114 3934 1241 3988 magnam
1252 3922 1415 3990 potestatem
1491 3961 1495 3966 -

288 3999 325 4056 So
387 4000 536 4071 lmentyri
548 4001 665 4066 uituli,
683 4001 806 4070 martyrii
820 4003 887 4058 W’e
956 4018 1037 4071 quam
1048 4019 1268 4075 mammonae
1337 4004 1416 4061 deni

287 4102 336 4141 om.
350 4086 378 4141 R
446 4086 897 4157 pnoeieereeneogiteresme,
916 4089 1106 4158 praedicereR
1183 4090 1309 4146 letone.
1326 4093 1365 4147 W

286 4173 460 4242 SneclneS
531 4173 825 4229 9uenditessemela‘m
887 4175 1059 4244 suislsibiR
1124 4177 1157 4231 11
1175 4177 1364 4248 martyresRc

287 4259 321 4314 14
337 4258 490 4329 inpunitum
503 4259 633 4324 SWRV,
646 4261 780 4330 impunee
833 4262 867 4316 16
878 4263 1063 4332 quoqueetB
1115 4263 1148 4317 17
1166 4263 1366 4332 expectauitW

287 4345 320 4400 18
338 4345 478 4418 pignorum
495 4345 576 4401 WRe
634 4346 667 4400 19
684 4345 725 4400 fili
737 4345 772 4401 S'
829 4348 864 4402 23
879 4347 1047 4417 peteteretS
1105 4347 1148 4403 dei
1161 4348 1309 4404 eiciendum
1321 4349 1416 4416 Rr'ssl·

286 4435 401 4502 alen
451 4431 644 4502 socessor
692 4433 921 4504 senenses
979 4418 1146 4490 suffio
1204 4433 1420 4491 messuere
