3242 5159
311 493 375 556 572
556 529 561 545 ·
712 491 858 545 Caecilii
877 492 1035 561 Cypriani

309 665 441 728 quarum
456 647 632 731 exemplum
647 649 687 714 ad
701 666 758 713 uos
772 648 943 726 transmisi,
964 649 1094 734 legetis:
1116 650 1212 714 simul
1227 651 1304 732 quid
1318 651 1363 716 eis
1379 670 1446 735 ego

308 749 446 816 breuiter
458 751 586 816 interim
600 751 820 835 rescripserim,
836 751 890 816 sed
905 752 937 816 et
951 753 1058 834 quales
1074 755 1181 834 postea
1196 754 1236 818 ad
1248 754 1366 818 clerum
1383 755 1445 818 lit·

307 853 391 918 teras
406 853 529 918 fecerim
545 857 582 918 ut
596 856 675 920 scire
688 854 830 936 possetis,
851 853 944 920 buius
959 873 1080 937 quoque
1095 857 1140 920 rei
1157 857 1333 938 exemplum
1350 858 1444 922 uobis

195 979 198 984 ·
307 956 390 1021 misi.
412 958 493 1038 quod
508 958 535 1022 si
550 958 633 1022 ultra
653 957 814 1022 temeritas
836 975 942 1022 eorum
957 976 1013 1024 nec
1028 959 1106 1024 meis
1121 978 1177 1024 neo
1194 961 1305 1025 uestrb
1320 961 1443 1025 litteris

308 1077 469 1140 conpressa
488 1060 584 1126 fuerit
597 1081 654 1127 neo
668 1061 806 1127 consiliis
822 1062 999 1127 salubribus
1014 1064 1286 1146 optemperauerit
1310 1083 1469 1148 agemuss

308 1183 344 1227 ea
364 1183 442 1246 quae
463 1165 633 1230 secundum
657 1165 857 1248 euangelium
882 1165 1034 1230 Dominus
1057 1185 1149 1251 agere
1172 1169 1338 1248 praecepit.
1367 1169 1443 1250 opto

308 1285 371 1346 uos,
387 1268 499 1334 fratres
515 1269 677 1359 carissimi,
694 1287 814 1351 semper
830 1270 906 1333 bene
922 1270 1035 1334 ualere.
1052 1271 1163 1336 ualete.

537 1559 924 1671 EPISTVLA
958 1560 1214 1692 XXXVI.

308 1763 490 1818 CYPRIANO
520 1765 653 1818 PAPATI
681 1765 902 1819 PRESBYTERI
929 1765 974 1819 ΕΤ
1000 1766 1177 1822 DIACONES
1206 1767 1328 1838 Rom
1355 1766 1446 1823 CON-

757 1851 991 1906 SISTEN'I'ESS
1456 1873 1485 1910 ro

284 2065 295 2126 Ι
354 2058 431 2124 cum
446 2059 694 2144 perlegissemus,
716 2059 825 2137 frater,
847 2060 970 2125 litteras
985 2063 1055 2125 tuas
1070 2079 1146 2141 quas
1162 2077 1216 2142 per
1230 2059 1446 2124 Fortunatum

309 2163 557 2247 hypodiaconum
577 2165 717 2242 miseras,
738 2165 862 2248 gemino
878 2183 985 2228 sumus
1001 2163 1104 2229 dolore
1120 2162 1256 2246 percussi
1273 2165 1304 2226 et
1319 2161 1444 2243 duplici

310 2285 447 2332 maerore
468 2267 597 2350 confusi,
619 2268 700 2350 quod
720 2287 817 2349 neque
839 2268 899 2334 tibi
918 2268 1039 2349 requies
1054 2267 1120 2331 ulla
1134 2267 1166 2330 in
1183 2266 1280 2330 tantis
1295 2283 1444 2346 persecu-

308 2371 402 2435 tionis
422 2370 657 2436 necessitatibus
673 2371 846 2436 traderetur
869 2371 900 2436 et
915 2369 1073 2451 lapsorum
1093 2368 1229 2434 fratrum
1244 2369 1442 2433 inmoderata

308 2472 481 2555 petulantia
495 2492 592 2555 usque
607 2474 647 2537 ad
661 2473 864 2554 periculosam
880 2475 1045 2538 uerborum
1060 2473 1269 2540 temeritatem
1284 2472 1478 2553 productas

309 2576 515 2641 denotaretur.
531 2577 584 2641 sed
600 2595 788 2658 quamquam
799 2594 854 2641 nos
866 2579 959 2658 atque
976 2577 1116 2641 animum
1131 2576 1272 2640 nostrum
1283 2577 1345 2640 ista
1357 2595 1440 2657 quae

309 2678 445 2743 diximus
461 2680 601 2764 grauiter
615 2677 807 2762 adfligerent,
830 2679 934 2744 tamen
950 2680 1096 2743 maeroris
1111 2679 1210 2743 nostri
1226 2680 1291 2742 tam
1306 2697 1440 2761 grauem

309 2783 463 2848 sarcinam
485 2784 576 2867 uigor
597 2784 671 2848 tuus
686 2785 717 2846 et
732 2783 901 2847 secundum
925 2783 1137 2868 euangelicam
1161 2781 1358 2866 disciplinam
1381 2783 1442 2848 ad-

361 3033 500 3100 lquornm
512 3052 532 3101 μ
631 3031 724 3086 aduos
743 3048 793 3086 one.
807 3035 839 3100 μι
937 3032 1137 3086 transmisimus
1149 3047 1181 3096 w,
1199 3031 1366 3086 transmissis
1380 3051 1405 3098 φ

308 3119 443 3188 simulque
456 3135 495 3186 ‹po
590 3135 638 3188 ego
651 3119 719 3172 cieo
816 3119 972 3188 2breniter]
985 3117 1102 3172 libenter
1114 3139 1133 3188 μ
1223 3117 1335 3172 interim
1346 3118 1439 3187 resen]

308 3205 489 3260 intellexerim
501 3204 688 3275 scripserimw
764 3205 881 3274 qualeae
960 3205 1065 3258 4misi
1081 3207 1111 3268 Τ,
1123 3220 1173 3258 orn
1187 3205 1219 3272 p¹
1289 3201 1359 3270 quod
1372 3203 1397 3254 si
1410 3222 1439 3270 μ,

307 3292 331 3344 si
344 3307 400 3359 ow,
412 3301 462 3345 oe.
478 3295 503 3345 Τ
580 3291 760 3360 temeritap,
773 3291 904 3346 demerita
916 3307 940 3343 eo
1020 3291 1141 3359 bpressa
1153 3289 1278 3358 ineritp‚
1291 3289 1439 3358 compressi

308 3378 447 3432 fuerintw
544 3378 708 3433 salubribus
722 3395 769 3447 pro
869 3377 1179 3463 obtemperauerinteo¹
1169 3375 1402 3444 obtemperaretur

308 3463 426 3519 luslete
443 3481 493 3518 ona
506 3482 607 3534 wp.—
573 3463 742 3533 E—pistola
753 3464 873 3533 cipriani
891 3464 924 3518 ad
942 3463 1019 3532 prsbr
1032 3465 1060 3516 et
1073 3445 1179 3516 diacon
1179 3463 1278 3516 Romae
1290 3461 1439 3514 consisten-

308 3553 351 3605 tes
363 3551 474 3620 explicit
489 3553 519 3614 Τ,
532 3567 582 3604 ora.
596 3567 672 3619 φωμ.
687 3579 720 3589 -

359 3639 446 3707 Epist
457 3637 578 3691 XXXVI.
591 3665 624 3678 -
633 3636 735 3705 Incipit
746 3635 883 3704 rescriptis
897 3635 1051 3704 presbiteris
1064 3637 1092 3688 et
1100 3633 1256 3688 diacombus
1265 3633 1365 3688 Romae
1376 3647 1440 3686 eon-

310 3725 470 3781 sistentibus
485 3727 515 3789 T,
531 3723 702 3792 Rescriptum
712 3738 759 3791 per
770 3721 938 3791 presbyteros
950 3724 978 3776 et
989 3721 1112 3776 diaconos
1124 3720 1158 3776 ad
1170 3719 1326 3788 tiprianum
1339 3719 1441 3772 Romae

310 3813 487 3866 consistentes
497 3832 528 3878 φ,
540 3810 612 3865 Cleri
621 3809 735 3864 Romani
743 3808 778 3862 ad
788 3809 943 3878 Ciprianum
952 3807 1084 3862 adolentis
1093 3823 1139 3878 pro
1149 3806 1304 3861 temeritate
1314 3821 1441 3874 quorum-

311 3897 374 3952 dem
393 3897 529 3967 lapsorum
546 3899 576 3950 et
592 3894 752 3950 confidentes
764 3896 794 3949 in
806 3910 836 3950 eo
848 3897 876 3948 ct
887 3894 1058 3949 exhortantes
1079 3910 1126 3963 pro
1147 3909 1237 3947 eorum
1259 3891 1347 3946 salute
1359 3908 1391 3945 eo.
1406 3921 1440 3930 —

312 3983 483 4052 9Gypriano]
497 3982 610 4037 celerino
627 3985 652 4036 Τ
650 4001 666 4035 o
745 3997 836 4050 papae
850 3998 891 4035 we
977 3979 1185 4034 consistentibus
1200 3979 1225 4030 T
1311 3978 1344 4031 11
1357 3979 1443 4030 irater

311 4053 448 4134 km'e‘owo
533 4085 600 4137 quoe
615 4072 639 4120 Τ
733 4069 767 4121 12
778 4067 922 4136 perculsis
1017 4067 1050 4120 13
1062 4064 1291 4135 persecutionibus
1303 4063 1441 4118 cessitati-

313 4156 363 4210 bus
375 4174 408 4220 w,
420 4155 611 4225 persecutionis
623 4154 740 4208 unitatis
752 4151 958 4207 necessitatibus
971 4173 992 4220 φ
1069 4153 1103 4206 14
1114 4151 1290 4206 immodulata
1306 4153 1335 4214 Τ,
1348 4150 1442 4204 imme-

313 4242 443 4297 dnlataeo
514 4242 547 4296 15
558 4241 696 4296 uerborum
708 4240 918 4310 periculosamp
988 4237 1116 4308 products
1128 4253 1178 4294 om.
1190 4253 1215 4290 eo
1285 4237 1319 4290 16
1331 4236 1443 4290 denota·

313 4332 442 4384 reutnrw
523 4331 704 4396 tamquamT
782 4327 862 4394 atque
875 4341 960 4392 omo
1042 4323 1074 4378 17
1086 4339 1197 4393 greum
1210 4340 1234 4377 w
1316 4322 1350 4376 18
1362 4339 1446 4377 enan-

313 4417 416 4490 gelium
429 4415 646 4483 euangelicamrp
717 4411 837 4465 adibitas
854 4413 877 4464 Τ
