<?xml version="1.0" encoding="UTF-8"?>
<!DOCTYPE html PUBLIC "-//W3C//DTD XHTML 1.0 Transitional//EN"
    "http://www.w3.org/TR/xhtml1/DTD/xhtml1-transitional.dtd">
<html xmlns="http://www.w3.org/1999/xhtml" xml:lang="en" lang="en">
 <head>
  <title>
</title>
<meta http-equiv="Content-Type" content="text/html;charset=utf-8" />
  <meta name='ocr-system' content='tesseract 3.04.00' />
  <meta name='ocr-capabilities' content='ocr_page ocr_carea ocr_par ocr_line ocrx_word'/>
</head>
<body>
  <div class='ocr_page' id='page_1' title='image "./corpusscriptoru04wiengoog/corpusscriptoru04wiengoog_0542.png"; bbox 0 0 3242 5159; ppageno 0'>
   <div class='ocr_carea' id='block_1_1' title="bbox 346 541 1074 614">
    <p class='ocr_par' dir='ltr' id='par_1_1' title="bbox 346 541 1074 614">
     <span class='ocr_line' id='line_1_1' title="bbox 346 541 1074 614; baseline -0.023 0"><span class='ocrx_word' id='word_1_1' title='bbox 346 547 409 614; x_wconf 79' lang='lat'>526</span> <span class='ocrx_word' id='word_1_2' title='bbox 734 541 883 598; x_wconf 79' lang='lat' dir='ltr'><strong>Caecilii</strong></span> <span class='ocrx_word' id='word_1_3' title='bbox 906 541 1074 612; x_wconf 78' lang='lat' dir='ltr'>Cypriani</span> 
     </span>
    </p>
   </div>
   <div class='ocr_carea' id='block_1_2' title="bbox 346 697 1495 1196">
    <p class='ocr_par' dir='ltr' id='par_1_2' title="bbox 346 697 1619 1214">
     <span class='ocr_line' id='line_1_2' title="bbox 346 697 1473 782; baseline -0.001 -16"><span class='ocrx_word' id='word_1_4' title='bbox 346 700 452 767; x_wconf 90' lang='lat' dir='ltr'>libello</span> <span class='ocrx_word' id='word_1_5' title='bbox 480 720 499 765; x_wconf 85' lang='lat' dir='ltr'>a</span> <span class='ocrx_word' id='word_1_6' title='bbox 525 697 714 782; x_wconf 75' lang='lat' dir='ltr'><strong>martyribus</strong></span> <span class='ocrx_word' id='word_1_7' title='bbox 742 699 867 782; x_wconf 85' lang='lat' dir='ltr'>accepto</span> <span class='ocrx_word' id='word_1_8' title='bbox 895 699 1046 764; x_wconf 83' lang='lat' dir='ltr'>inuidiam</span> <span class='ocrx_word' id='word_1_9' title='bbox 1076 697 1203 778; x_wconf 84' lang='lat' dir='ltr'>iaciunt,</span> <span class='ocrx_word' id='word_1_10' title='bbox 1235 699 1379 782; x_wconf 87' lang='lat' dir='ltr'>quoniam</span> <span class='ocrx_word' id='word_1_11' title='bbox 1408 717 1473 765; x_wconf 87' lang='lat' dir='ltr'>non</span> 
     </span>
     <span class='ocr_line' id='line_1_3' title="bbox 346 801 1473 887; baseline 0.001 -19"><span class='ocrx_word' id='word_1_12' title='bbox 346 820 512 887; x_wconf 89' lang='lat' dir='ltr'>pancorum</span> <span class='ocrx_word' id='word_1_13' title='bbox 539 821 594 868; x_wconf 92' lang='lat' dir='ltr'>nec</span> <span class='ocrx_word' id='word_1_14' title='bbox 622 801 766 868; x_wconf 89' lang='lat' dir='ltr'>ecclesiae</span> <span class='ocrx_word' id='word_1_15' title='bbox 792 802 884 868; x_wconf 87' lang='lat' dir='ltr'>unius</span> <span class='ocrx_word' id='word_1_16' title='bbox 906 804 961 868; x_wconf 89' lang='lat' dir='ltr'>aut</span> <span class='ocrx_word' id='word_1_17' title='bbox 984 801 1075 867; x_wconf 89' lang='lat' dir='ltr'>unius</span> <span class='ocrx_word' id='word_1_18' title='bbox 1096 801 1272 884; x_wconf 87' lang='lat' dir='ltr'>prouinciae</span> <span class='ocrx_word' id='word_1_19' title='bbox 1294 803 1347 867; x_wconf 89' lang='lat' dir='ltr'>sed</span> <span class='ocrx_word' id='word_1_20' title='bbox 1369 804 1473 869; x_wconf 89' lang='lat' dir='ltr'>totius</span> 
     </span>
     <span class='ocr_line' id='line_1_4' title="bbox 347 902 1473 988; baseline 0 -17"><span class='ocrx_word' id='word_1_21' title='bbox 347 906 429 972; x_wconf 91' lang='lat' dir='ltr'>orbis</span> <span class='ocrx_word' id='word_1_22' title='bbox 457 907 533 972; x_wconf 89' lang='lat' dir='ltr'>haec</span> <span class='ocrx_word' id='word_1_23' title='bbox 562 924 655 971; x_wconf 82' lang='lat' dir='ltr'>cause</span> <span class='ocrx_word' id='word_1_24' title='bbox 683 907 740 983; x_wconf 87' lang='lat' dir='ltr'>est,</span> <span class='ocrx_word' id='word_1_25' title='bbox 771 905 931 986; x_wconf 75' lang='lat' dir='ltr'>expectent</span> <span class='ocrx_word' id='word_1_26' title='bbox 960 904 1030 970; x_wconf 85' lang='lat' dir='ltr'>ante</span> <span class='ocrx_word' id='word_1_27' title='bbox 1059 902 1097 970; x_wconf 84' lang='lat' dir='ltr'>de</span> <span class='ocrx_word' id='word_1_28' title='bbox 1124 903 1251 968; x_wconf 86' lang='lat' dir='ltr'><strong>Domini</strong></span> <span class='ocrx_word' id='word_1_29' title='bbox 1280 906 1473 988; x_wconf 86' lang='lat' dir='ltr'>protectione</span> 
     </span>
     <span class='ocr_line' id='line_1_5' title="bbox 347 1007 1474 1104; baseline -0.002 -28"><span class='ocrx_word' id='word_1_30' title='bbox 347 1010 492 1076; x_wconf 87' lang='lat' dir='ltr'>ecclesiae</span> <span class='ocrx_word' id='word_1_31' title='bbox 521 1010 618 1092; x_wconf 90' lang='lat' dir='ltr'>ipsius</span> <span class='ocrx_word' id='word_1_32' title='bbox 646 1008 804 1104; x_wconf 76' lang='lat' dir='ltr'>ppblicam</span> <span class='ocrx_word' id='word_1_33' title='bbox 831 1027 946 1091; x_wconf 89' lang='lat' dir='ltr'>pacem.</span> <span class='ocrx_word' id='word_1_34' title='bbox 978 1007 1036 1074; x_wconf 89' lang='lat' dir='ltr'>hoo</span> <span class='ocrx_word' id='word_1_35' title='bbox 1057 1008 1139 1073; x_wconf 92' lang='lat' dir='ltr'>enim</span> <span class='ocrx_word' id='word_1_36' title='bbox 1162 1009 1194 1074; x_wconf 89' lang='lat' dir='ltr'>et</span> <span class='ocrx_word' id='word_1_37' title='bbox 1215 1009 1415 1074; x_wconf 88' lang='lat' dir='ltr'>uerecundiae</span> <span class='ocrx_word' id='word_1_38' title='bbox 1439 1011 1474 1074; x_wconf 92' lang='lat' dir='ltr'>et</span> 
     </span>
     <span class='ocr_line' id='line_1_6' title="bbox 350 1111 1495 1196; baseline -0.006 -17"><span class='ocrx_word' id='word_1_39' title='bbox 350 1113 530 1196; x_wconf 78' lang='lat' dir='ltr'>disciplinae</span> <span class='ocrx_word' id='word_1_40' title='bbox 551 1112 584 1178; x_wconf 91' lang='lat' dir='ltr'>et</span> <span class='ocrx_word' id='word_1_41' title='bbox 605 1112 689 1177; x_wconf 88' lang='lat' dir='ltr'>uitae</span> <span class='ocrx_word' id='word_1_42' title='bbox 715 1111 777 1195; x_wconf 93' lang='lat' dir='ltr'>ipsi</span> <span class='ocrx_word' id='word_1_43' title='bbox 803 1112 943 1177; x_wconf 88' lang='lat' dir='ltr'>omnium</span> <span class='ocrx_word' id='word_1_44' title='bbox 970 1113 1111 1178; x_wconf 88' lang='lat' dir='ltr'>nostmm</span> <span class='ocrx_word' id='word_1_45' title='bbox 1138 1112 1289 1190; x_wconf 81' lang='lat' dir='ltr'>conuenit,</span> <span class='ocrx_word' id='word_1_46' title='bbox 1317 1114 1353 1176; x_wconf 90' lang='lat' dir='ltr'>ut</span> <span class='ocrx_word' id='word_1_47' title='bbox 1379 1131 1495 1196; x_wconf 77' lang='lat' dir='ltr'>prae-s</span> 
     </span>
    </p>
   </div>
   <div class='ocr_carea' id='block_1_3' title="bbox 346 1214 1474 1608">
    <p class='ocr_par' dir='ltr' id='par_1_3' title="bbox 346 1214 1474 1608">
     <span class='ocr_line' id='line_1_7' title="bbox 347 1214 1473 1298; baseline -0.002 -16"><span class='ocrx_word' id='word_1_48' title='bbox 347 1216 441 1298; x_wconf 90' lang='lat' dir='ltr'>positi</span> <span class='ocrx_word' id='word_1_49' title='bbox 467 1235 537 1281; x_wconf 91' lang='lat' dir='ltr'>cum</span> <span class='ocrx_word' id='word_1_50' title='bbox 559 1215 639 1282; x_wconf 90' lang='lat' dir='ltr'>clero</span> <span class='ocrx_word' id='word_1_51' title='bbox 661 1214 875 1282; x_wconf 87' lang='lat' dir='ltr'>conuenientes</span> <span class='ocrx_word' id='word_1_52' title='bbox 896 1216 1056 1296; x_wconf 76' lang='lat' dir='ltr'>praesente</span> <span class='ocrx_word' id='word_1_53' title='bbox 1077 1215 1172 1280; x_wconf 87' lang='lat' dir='ltr'>etiam</span> <span class='ocrx_word' id='word_1_54' title='bbox 1194 1214 1348 1280; x_wconf 87' lang='lat' dir='ltr'>stantium</span> <span class='ocrx_word' id='word_1_55' title='bbox 1369 1214 1473 1296; x_wconf 82' lang='lat' dir='ltr'>plebe,</span> 
     </span>
     <span class='ocr_line' id='line_1_8' title="bbox 347 1315 1473 1402; baseline -0.003 -18"><span class='ocrx_word' id='word_1_56' title='bbox 347 1319 459 1401; x_wconf 87' lang='lat' dir='ltr'>quibus</span> <span class='ocrx_word' id='word_1_57' title='bbox 486 1320 519 1384; x_wconf 90' lang='lat' dir='ltr'>et</span> <span class='ocrx_word' id='word_1_58' title='bbox 546 1319 622 1402; x_wconf 89' lang='lat' dir='ltr'>ipsis</span> <span class='ocrx_word' id='word_1_59' title='bbox 650 1335 705 1402; x_wconf 91' lang='lat' dir='ltr'>pro</span> <span class='ocrx_word' id='word_1_60' title='bbox 734 1317 795 1384; x_wconf 88' lang='lat' dir='ltr'>lide</span> <span class='ocrx_word' id='word_1_61' title='bbox 823 1319 855 1383; x_wconf 91' lang='lat' dir='ltr'>et</span> <span class='ocrx_word' id='word_1_62' title='bbox 875 1317 988 1384; x_wconf 89' lang='lat' dir='ltr'>timore</span> <span class='ocrx_word' id='word_1_63' title='bbox 1017 1333 1071 1382; x_wconf 89' lang='lat' dir='ltr'>suo</span> <span class='ocrx_word' id='word_1_64' title='bbox 1100 1315 1196 1382; x_wconf 91' lang='lat' dir='ltr'>honor</span> <span class='ocrx_word' id='word_1_65' title='bbox 1223 1316 1382 1383; x_wconf 86' lang='lat' dir='ltr'>habendus</span> <span class='ocrx_word' id='word_1_66' title='bbox 1410 1319 1473 1397; x_wconf 82' lang='lat' dir='ltr'>est,</span> 
     </span>
     <span class='ocr_line' id='line_1_9' title="bbox 346 1419 1474 1506; baseline -0.002 -20"><span class='ocrx_word' id='word_1_67' title='bbox 346 1419 505 1506; x_wconf 84' lang='lat' dir='ltr'>disponere</span> <span class='ocrx_word' id='word_1_68' title='bbox 519 1421 622 1487; x_wconf 89' lang='lat' dir='ltr'>omnia</span> <span class='ocrx_word' id='word_1_69' title='bbox 643 1421 762 1488; x_wconf 88' lang='lat' dir='ltr'>consilii</span> <span class='ocrx_word' id='word_1_70' title='bbox 785 1419 956 1486; x_wconf 90' lang='lat' dir='ltr'>communis</span> <span class='ocrx_word' id='word_1_71' title='bbox 977 1419 1126 1502; x_wconf 83' lang='lat' dir='ltr'>religione</span> <span class='ocrx_word' id='word_1_72' title='bbox 1147 1419 1310 1504; x_wconf 88' lang='lat' dir='ltr'>possimus.</span> <span class='ocrx_word' id='word_1_73' title='bbox 1334 1425 1474 1485; x_wconf 86' lang='lat' dir='ltr'>ceterum</span> 
     </span>
     <span class='ocr_line' id='line_1_10' title="bbox 346 1521 1473 1608; baseline 0 -20"><span class='ocrx_word' id='word_1_74' title='bbox 346 1542 439 1606; x_wconf 88' lang='lat' dir='ltr'>quam</span> <span class='ocrx_word' id='word_1_75' title='bbox 453 1524 667 1608; x_wconf 88' lang='lat' dir='ltr'>inreligiosum</span> <span class='ocrx_word' id='word_1_76' title='bbox 682 1525 730 1590; x_wconf 87' lang='lat' dir='ltr'>est</span> <span class='ocrx_word' id='word_1_77' title='bbox 744 1523 868 1607; x_wconf 88' lang='lat' dir='ltr'>stipsis</span> <span class='ocrx_word' id='word_1_78' title='bbox 883 1540 1002 1606; x_wconf 86' lang='lat' dir='ltr'>qnoque</span> <span class='ocrx_word' id='word_1_79' title='bbox 1022 1522 1241 1589; x_wconf 78' lang='lat' dir='ltr'>festinantibus</span> <span class='ocrx_word' id='word_1_80' title='bbox 1262 1521 1473 1606; x_wconf 84' lang='lat' dir='ltr'>perniciosum</span> 
     </span>
    </p>
   </div>
   <div class='ocr_carea' id='block_1_4' title="bbox 346 1625 1620 1709">
    <p class='ocr_par' dir='ltr' id='par_1_4' title="bbox 346 1625 1620 1709">
     <span class='ocr_line' id='line_1_11' title="bbox 346 1625 1620 1709; baseline -0.003 -19"><span class='ocrx_word' id='word_1_81' title='bbox 346 1627 382 1690; x_wconf 94' lang='lat' dir='ltr'>ut</span> <span class='ocrx_word' id='word_1_82' title='bbox 404 1644 474 1691; x_wconf 89' lang='lat' dir='ltr'>oum</span> <span class='ocrx_word' id='word_1_83' title='bbox 503 1629 636 1692; x_wconf 84' lang='lat' dir='ltr'>extorres</span> <span class='ocrx_word' id='word_1_84' title='bbox 665 1627 741 1693; x_wconf 88' lang='lat' dir='ltr'>iacti</span> <span class='ocrx_word' id='word_1_85' title='bbox 762 1628 795 1692; x_wconf 92' lang='lat' dir='ltr'>et</span> <span class='ocrx_word' id='word_1_86' title='bbox 816 1626 917 1709; x_wconf 89' lang='lat' dir='ltr'>patria</span> <span class='ocrx_word' id='word_1_87' title='bbox 943 1625 1026 1709; x_wconf 88' lang='lat' dir='ltr'>pulsi</span> <span class='ocrx_word' id='word_1_88' title='bbox 1054 1645 1090 1692; x_wconf 88' lang='lat' dir='ltr'>ae</span> <span class='ocrx_word' id='word_1_89' title='bbox 1116 1625 1206 1690; x_wconf 89' lang='lat' dir='ltr'>bonis</span> <span class='ocrx_word' id='word_1_90' title='bbox 1233 1625 1298 1691; x_wconf 90' lang='lat' dir='ltr'>suis</span> <span class='ocrx_word' id='word_1_91' title='bbox 1325 1625 1509 1691; x_wconf 74' lang='lat' dir='ltr'>omnibusne</span> <span class='ocrx_word' id='word_1_92' title='bbox 1619 1643 1620 1700; x_wconf 68' lang='lat'>1</span> 
     </span>
    </p>
   </div>
   <div class='ocr_carea' id='block_1_5' title="bbox 347 1728 1509 2327">
    <p class='ocr_par' dir='ltr' id='par_1_5' title="bbox 347 1728 1509 2327">
     <span class='ocr_line' id='line_1_12' title="bbox 348 1728 1475 1812; baseline 0.002 -20"><span class='ocrx_word' id='word_1_93' title='bbox 348 1729 473 1810; x_wconf 87' lang='lat' dir='ltr'>spoliati</span> <span class='ocrx_word' id='word_1_94' title='bbox 491 1730 628 1795; x_wconf 88' lang='lat' dir='ltr'>nondum</span> <span class='ocrx_word' id='word_1_95' title='bbox 650 1730 690 1795; x_wconf 83' lang='lat' dir='ltr'>sd</span> <span class='ocrx_word' id='word_1_96' title='bbox 711 1729 873 1796; x_wconf 84' lang='lat' dir='ltr'>ecclesiam</span> <span class='ocrx_word' id='word_1_97' title='bbox 894 1729 1051 1808; x_wconf 80' lang='lat' dir='ltr'>redierint,</span> <span class='ocrx_word' id='word_1_98' title='bbox 1075 1729 1202 1812; x_wconf 79' lang='lat' dir='ltr'>quidem</span> <span class='ocrx_word' id='word_1_99' title='bbox 1222 1728 1375 1812; x_wconf 87' lang='lat' dir='ltr'>delapsis</span> <span class='ocrx_word' id='word_1_100' title='bbox 1399 1745 1475 1794; x_wconf 91' lang='lat' dir='ltr'>oon-</span> 
     </span>
     <span class='ocr_line' id='line_1_13' title="bbox 348 1830 1473 1917; baseline 0.003 -23"><span class='ocrx_word' id='word_1_101' title='bbox 348 1830 477 1896; x_wconf 88' lang='lat' dir='ltr'>ieesores</span> <span class='ocrx_word' id='word_1_102' title='bbox 498 1832 581 1915; x_wconf 89' lang='lat' dir='ltr'>ipsos</span> <span class='ocrx_word' id='word_1_103' title='bbox 602 1833 783 1917; x_wconf 83' lang='lat' dir='ltr'>praeuenire</span> <span class='ocrx_word' id='word_1_104' title='bbox 798 1833 916 1898; x_wconf 85' lang='lat' dir='ltr'>stante</span> <span class='ocrx_word' id='word_1_105' title='bbox 931 1833 970 1898; x_wconf 84' lang='lat' dir='ltr'>al</span> <span class='ocrx_word' id='word_1_106' title='bbox 986 1832 1149 1898; x_wconf 86' lang='lat' dir='ltr'>ecclesiam</span> <span class='ocrx_word' id='word_1_107' title='bbox 1163 1831 1290 1897; x_wconf 91' lang='lat' dir='ltr'>introire</span> <span class='ocrx_word' id='word_1_108' title='bbox 1311 1830 1473 1898; x_wconf 79' lang='lat' dir='ltr'>festinent.</span> 
     </span>
     <span class='ocr_line' id='line_1_14' title="bbox 348 1934 1475 2019; baseline 0.003 -20"><span class='ocrx_word' id='word_1_109' title='bbox 348 1934 401 2016; x_wconf 87' lang='lat' dir='ltr'>qni</span> <span class='ocrx_word' id='word_1_110' title='bbox 422 1935 450 2000; x_wconf 89' lang='lat' dir='ltr'>si</span> <span class='ocrx_word' id='word_1_111' title='bbox 469 1935 602 2000; x_wconf 88' lang='lat' dir='ltr'>nimium</span> <span class='ocrx_word' id='word_1_112' title='bbox 622 1938 794 2018; x_wconf 82' lang='lat' dir='ltr'>properant,</span> <span class='ocrx_word' id='word_1_113' title='bbox 816 1935 932 2001; x_wconf 84' lang='lat' dir='ltr'>hebent</span> <span class='ocrx_word' id='word_1_114' title='bbox 953 1936 986 2000; x_wconf 93' lang='lat' dir='ltr'>in</span> <span class='ocrx_word' id='word_1_115' title='bbox 1008 1953 1064 2001; x_wconf 90' lang='lat' dir='ltr'>sua</span> <span class='ocrx_word' id='word_1_116' title='bbox 1085 1936 1239 2019; x_wconf 74' lang='lat' dir='ltr'>potestate</span> <span class='ocrx_word' id='word_1_117' title='bbox 1261 1935 1342 2017; x_wconf 81' lang='lat' dir='ltr'>quoi</span> <span class='ocrx_word' id='word_1_118' title='bbox 1362 1935 1475 2017; x_wconf 88' lang='lat' dir='ltr'>postu-</span> 
     </span>
     <span class='ocr_line' id='line_1_15' title="bbox 348 2037 1473 2123; baseline 0.001 -22"><span class='ocrx_word' id='word_1_119' title='bbox 348 2038 414 2102; x_wconf 85' lang='lat' dir='ltr'>lent</span> <span class='ocrx_word' id='word_1_120' title='bbox 442 2040 580 2120; x_wconf 91' lang='lat' dir='ltr'>tempore</span> <span class='ocrx_word' id='word_1_121' title='bbox 608 2039 676 2120; x_wconf 91' lang='lat' dir='ltr'>ipso</span> <span class='ocrx_word' id='word_1_122' title='bbox 704 2039 767 2104; x_wconf 91' lang='lat' dir='ltr'>sibi</span> <span class='ocrx_word' id='word_1_123' title='bbox 792 2039 864 2122; x_wconf 91' lang='lat' dir='ltr'>plus</span> <span class='ocrx_word' id='word_1_124' title='bbox 893 2057 986 2122; x_wconf 92' lang='lat' dir='ltr'>quam</span> <span class='ocrx_word' id='word_1_125' title='bbox 1014 2038 1095 2121; x_wconf 87' lang='lat' dir='ltr'>qnod</span> <span class='ocrx_word' id='word_1_126' title='bbox 1122 2037 1281 2123; x_wconf 78' lang='lat' dir='ltr'>postulent</span> <span class='ocrx_word' id='word_1_127' title='bbox 1308 2038 1473 2122; x_wconf 77' lang='lat' dir='ltr'>largiente.</span> 
     </span>
     <span class='ocr_line' id='line_1_16' title="bbox 347 2139 1509 2227; baseline -0.001 -22"><span class='ocrx_word' id='word_1_128' title='bbox 347 2142 427 2206; x_wconf 89' lang='lat' dir='ltr'>acies</span> <span class='ocrx_word' id='word_1_129' title='bbox 442 2141 541 2207; x_wconf 86' lang='lat' dir='ltr'>adhuc</span> <span class='ocrx_word' id='word_1_130' title='bbox 555 2141 673 2227; x_wconf 85' lang='lat' dir='ltr'>geritur</span> <span class='ocrx_word' id='word_1_131' title='bbox 687 2143 719 2208; x_wconf 93' lang='lat' dir='ltr'>et</span> <span class='ocrx_word' id='word_1_132' title='bbox 733 2159 813 2226; x_wconf 91' lang='lat' dir='ltr'>agon</span> <span class='ocrx_word' id='word_1_133' title='bbox 835 2141 948 2208; x_wconf 87' lang='lat' dir='ltr'>cotidie</span> <span class='ocrx_word' id='word_1_134' title='bbox 969 2139 1152 2207; x_wconf 89' lang='lat' dir='ltr'>celebratur.</span> <span class='ocrx_word' id='word_1_135' title='bbox 1176 2141 1202 2206; x_wconf 88' lang='lat' dir='ltr'>si</span> <span class='ocrx_word' id='word_1_136' title='bbox 1218 2140 1375 2206; x_wconf 88' lang='lat' dir='ltr'>commissi</span> <span class='ocrx_word' id='word_1_137' title='bbox 1398 2159 1509 2208; x_wconf 79' lang='lat' dir='ltr'>neren</span> 
     </span>
     <span class='ocr_line' id='line_1_17' title="bbox 347 2242 1473 2327; baseline 0.002 -19"><span class='ocrx_word' id='word_1_138' title='bbox 347 2245 379 2308; x_wconf 90' lang='lat' dir='ltr'>et</span> <span class='ocrx_word' id='word_1_139' title='bbox 399 2243 530 2310; x_wconf 85' lang='lat' dir='ltr'>tirmiter</span> <span class='ocrx_word' id='word_1_140' title='bbox 555 2245 713 2327; x_wconf 81' lang='lat' dir='ltr'>poenitent</span> <span class='ocrx_word' id='word_1_141' title='bbox 735 2247 767 2311; x_wconf 87' lang='lat' dir='ltr'>et</span> <span class='ocrx_word' id='word_1_142' title='bbox 786 2244 859 2310; x_wconf 89' lang='lat' dir='ltr'>fidei</span> <span class='ocrx_word' id='word_1_143' title='bbox 888 2243 970 2310; x_wconf 86' lang='lat' dir='ltr'>celor</span> <span class='ocrx_word' id='word_1_144' title='bbox 995 2243 1162 2327; x_wconf 76' lang='lat' dir='ltr'>praemiet,</span> <span class='ocrx_word' id='word_1_145' title='bbox 1191 2243 1245 2326; x_wconf 88' lang='lat' dir='ltr'>qui</span> <span class='ocrx_word' id='word_1_146' title='bbox 1268 2242 1386 2309; x_wconf 77' lang='lat' dir='ltr'>ditioni</span> <span class='ocrx_word' id='word_1_147' title='bbox 1408 2263 1473 2310; x_wconf 89' lang='lat' dir='ltr'>uon</span> 
     </span>
    </p>
   </div>
   <div class='ocr_carea' id='block_1_6' title="bbox 253 2346 1475 2436">
    <p class='ocr_par' dir='ltr' id='par_1_6' title="bbox 253 2346 1475 2436">
     <span class='ocr_line' id='line_1_18' title="bbox 253 2346 1475 2436; baseline 0.002 -24"><span class='ocrx_word' id='word_1_148' title='bbox 253 2431 257 2436; x_wconf 83' lang='lat'><em>.</em></span> <span class='ocrx_word' id='word_1_149' title='bbox 348 2349 450 2431; x_wconf 87' lang='lat' dir='ltr'>potest</span> <span class='ocrx_word' id='word_1_150' title='bbox 471 2348 575 2431; x_wconf 88' lang='lat' dir='ltr'>potest</span> <span class='ocrx_word' id='word_1_151' title='bbox 596 2347 742 2414; x_wconf 80' lang='lat' dir='ltr'>coronari.</span> <span class='ocrx_word' id='word_1_152' title='bbox 766 2349 839 2431; x_wconf 88' lang='lat' dir='ltr'>opto</span> <span class='ocrx_word' id='word_1_153' title='bbox 853 2365 918 2427; x_wconf 81' lang='lat' dir='ltr'>uos,</span> <span class='ocrx_word' id='word_1_154' title='bbox 941 2347 1051 2413; x_wconf 88' lang='lat' dir='ltr'>iratres</span> <span class='ocrx_word' id='word_1_155' title='bbox 1073 2346 1236 2426; x_wconf 74' lang='lat' dir='ltr'>carissimi,</span> <span class='ocrx_word' id='word_1_156' title='bbox 1259 2365 1380 2430; x_wconf 91' lang='lat' dir='ltr'>semper</span> <span class='ocrx_word' id='word_1_157' title='bbox 1394 2347 1475 2415; x_wconf 88' lang='lat' dir='ltr'>bene</span> 
     </span>
    </p>
   </div>
   <div class='ocr_carea' id='block_1_7' title="bbox 300 2450 1477 2665">
    <p class='ocr_par' dir='ltr' id='par_1_7' title="bbox 300 2450 1477 2665">
     <span class='ocr_line' id='line_1_19' title="bbox 347 2450 1477 2536; baseline 0.003 -21"><span class='ocrx_word' id='word_1_158' title='bbox 347 2450 449 2516; x_wconf 88' lang='lat' dir='ltr'>ualere</span> <span class='ocrx_word' id='word_1_159' title='bbox 464 2452 496 2516; x_wconf 90' lang='lat' dir='ltr'>et</span> <span class='ocrx_word' id='word_1_160' title='bbox 509 2450 608 2515; x_wconf 90' lang='lat' dir='ltr'>nostri</span> <span class='ocrx_word' id='word_1_161' title='bbox 622 2451 808 2526; x_wconf 78' lang='lat' dir='ltr'>meminisse,</span> <span class='ocrx_word' id='word_1_162' title='bbox 832 2450 1059 2536; x_wconf 72' lang='lat' dir='ltr'>fraternitatem</span> <span class='ocrx_word' id='word_1_163' title='bbox 1074 2450 1250 2517; x_wconf 86' lang='lat' dir='ltr'>uniuersam</span> <span class='ocrx_word' id='word_1_164' title='bbox 1265 2467 1333 2517; x_wconf 90' lang='lat' dir='ltr'>meo</span> <span class='ocrx_word' id='word_1_165' title='bbox 1347 2450 1477 2518; x_wconf 87' lang='lat' dir='ltr'>nomine</span> 
     </span>
     <span class='ocr_line' id='line_1_20' title="bbox 300 2553 1298 2665; baseline 0.001 -46"><span class='ocrx_word' id='word_1_166' title='bbox 300 2651 306 2665; x_wconf 33' lang='grc' dir='ltr'>Ι</span> <span class='ocrx_word' id='word_1_167' title='bbox 349 2554 483 2619; x_wconf 90' lang='lat' dir='ltr'>salutate</span> <span class='ocrx_word' id='word_1_168' title='bbox 505 2556 537 2620; x_wconf 90' lang='lat' dir='ltr'>et</span> <span class='ocrx_word' id='word_1_169' title='bbox 559 2556 595 2620; x_wconf 90' lang='lat' dir='ltr'>ut</span> <span class='ocrx_word' id='word_1_170' title='bbox 615 2553 714 2620; x_wconf 80' lang='lat' dir='ltr'>nostri</span> <span class='ocrx_word' id='word_1_171' title='bbox 735 2573 886 2621; x_wconf 87' lang='lat' dir='ltr'>memores</span> <span class='ocrx_word' id='word_1_172' title='bbox 909 2553 972 2620; x_wconf 87' lang='lat' dir='ltr'>siut</span> <span class='ocrx_word' id='word_1_173' title='bbox 993 2555 1163 2620; x_wconf 85' lang='lat' dir='ltr'>admonete.</span> <span class='ocrx_word' id='word_1_174' title='bbox 1186 2553 1298 2620; x_wconf 85' lang='lat' dir='ltr'>ualete.</span> 
     </span>
    </p>
   </div>
   <div class='ocr_carea' id='block_1_8' title="bbox 346 2827 1479 3950">
    <p class='ocr_par' dir='ltr' id='par_1_8' title="bbox 346 2827 1479 3950">
     <span class='ocr_line' id='line_1_21' title="bbox 398 2827 1436 2915; baseline 0.002 -13"><span class='ocrx_word' id='word_1_175' title='bbox 398 2848 592 2902; x_wconf 66' lang='lat' dir='ltr'>senem</span> <span class='ocrx_word' id='word_1_176' title='bbox 671 2845 876 2900; x_wconf 61' lang='lat' dir='ltr'>reomense</span> <span class='ocrx_word' id='word_1_177' title='bbox 956 2827 1436 2915; x_wconf 52' lang='lat' dir='ltr'>enbroompffl&#39;perffirr‘)</span> 
     </span>
     <span class='ocr_line' id='line_1_22' title="bbox 347 2931 1475 3020; baseline 0.005 -33"><span class='ocrx_word' id='word_1_178' title='bbox 347 2933 520 3003; x_wconf 86' lang='lat' dir='ltr'>protectione]</span> <span class='ocrx_word' id='word_1_179' title='bbox 538 2933 646 3002; x_wconf 73' lang='lat' dir='ltr'>reliqua</span> <span class='ocrx_word' id='word_1_180' title='bbox 657 2947 706 2987; x_wconf 85' lang='lat' dir='ltr'>om.</span> <span class='ocrx_word' id='word_1_181' title='bbox 722 2932 752 3003; x_wconf 75' lang='lat' dir='ltr'>Q,</span> <span class='ocrx_word' id='word_1_182' title='bbox 770 2933 802 2986; x_wconf 78' lang='lat' dir='ltr'>in</span> <span class='ocrx_word' id='word_1_183' title='bbox 813 2948 866 3002; x_wconf 79' lang='lat' dir='ltr'>pao</span> <span class='ocrx_word' id='word_1_184' title='bbox 882 2933 1006 3004; x_wconf 56' lang='lat' dir='ltr'>squam·</span> <span class='ocrx_word' id='word_1_185' title='bbox 1022 2933 1152 3020; x_wconf 54' lang='lat' dir='ltr'>coelitum</span> <span class='ocrx_word' id='word_1_186' title='bbox 1169 2931 1285 3002; x_wconf 86' lang='lat' dir='ltr'>legimus</span> <span class='ocrx_word' id='word_1_187' title='bbox 1302 2934 1410 2990; x_wconf 83' lang='lat' dir='ltr'>litterae</span> <span class='ocrx_word' id='word_1_188' title='bbox 1422 2941 1475 2994; x_wconf 76' lang='lat' dir='ltr'>etc.</span> 
     </span>
     <span class='ocr_line' id='line_1_23' title="bbox 348 3017 1471 3088; baseline 0.002 -16"><span class='ocrx_word' id='word_1_189' title='bbox 348 3025 494 3088; x_wconf 67' lang='lat' dir='ltr'>quaerum</span> <span class='ocrx_word' id='word_1_190' title='bbox 507 3019 694 3086; x_wconf 66' lang='lat' dir='ltr'>spatulueio.</span> <span class='ocrx_word' id='word_1_191' title='bbox 763 3017 993 3074; x_wconf 75' lang='lat' dir='ltr'>tuerecundaoE</span> <span class='ocrx_word' id='word_1_192' title='bbox 1058 3018 1216 3076; x_wconf 75' lang='lat' dir='ltr'>umorum</span> <span class='ocrx_word' id='word_1_193' title='bbox 1288 3021 1471 3076; x_wconf 79' lang='lat' dir='ltr'>conuenit...</span> 
     </span>
     <span class='ocr_line' id='line_1_24' title="bbox 348 3103 1477 3176; baseline 0.002 -18"><span class='ocrx_word' id='word_1_194' title='bbox 348 3103 419 3158; x_wconf 90' lang='lat' dir='ltr'>clero</span> <span class='ocrx_word' id='word_1_195' title='bbox 435 3118 485 3158; x_wconf 87' lang='lat' dir='ltr'>om.</span> <span class='ocrx_word' id='word_1_196' title='bbox 504 3103 605 3158; x_wconf 83' lang='grc' dir='ltr'><em>ΕΜοω</em></span> <span class='ocrx_word' id='word_1_197' title='bbox 683 3103 793 3172; x_wconf 80' lang='lat' dir='ltr'>liplebe</span> <span class='ocrx_word' id='word_1_198' title='bbox 810 3104 975 3160; x_wconf 89' lang='lat' dir='ltr'>stantiumo</span> <span class='ocrx_word' id='word_1_199' title='bbox 1056 3105 1140 3176; x_wconf 78' lang='lat' dir='ltr'>lest]</span> <span class='ocrx_word' id='word_1_200' title='bbox 1159 3107 1227 3162; x_wconf 73' lang='lat' dir='ltr'>eti&#39;</span> <span class='ocrx_word' id='word_1_201' title='bbox 1306 3107 1477 3163; x_wconf 88' lang='lat' dir='ltr'>8comnrurri</span> 
     </span>
     <span class='ocr_line' id='line_1_25' title="bbox 348 3184 1436 3263; baseline 0.005 -19"><span class='ocrx_word' id='word_1_202' title='bbox 348 3184 462 3244; x_wconf 64' lang='lat' dir='ltr'>Ellotr</span> <span class='ocrx_word' id='word_1_203' title='bbox 529 3190 643 3257; x_wconf 81' lang='lat' dir='ltr'>9quum</span> <span class='ocrx_word' id='word_1_204' title='bbox 660 3204 709 3244; x_wconf 85' lang='lat' dir='ltr'>om.</span> <span class='ocrx_word' id='word_1_205' title='bbox 725 3190 751 3244; x_wconf 84' lang='grc' dir='ltr'><em>Τ</em></span> <span class='ocrx_word' id='word_1_206' title='bbox 818 3189 851 3244; x_wconf 89' lang='grc'>11</span> <span class='ocrx_word' id='word_1_207' title='bbox 869 3189 1052 3247; x_wconf 78' lang='lat' dir='ltr'>redisrnntT¹</span> <span class='ocrx_word' id='word_1_208' title='bbox 1126 3192 1436 3263; x_wconf 64' lang='lat' dir='ltr'>manumissores</span> 
     </span>
     <span class='ocr_line' id='line_1_26' title="bbox 349 3274 1477 3349; baseline 0.007 -21"><span class='ocrx_word' id='word_1_209' title='bbox 349 3275 382 3328; x_wconf 89' lang='grc'>13</span> <span class='ocrx_word' id='word_1_210' title='bbox 400 3274 447 3343; x_wconf 88' lang='lat' dir='ltr'>qni</span> <span class='ocrx_word' id='word_1_211' title='bbox 465 3275 489 3328; x_wconf 89' lang='lat' dir='ltr'>si</span> <span class='ocrx_word' id='word_1_212' title='bbox 506 3275 620 3328; x_wconf 88' lang='lat' dir='ltr'>nimium</span> <span class='ocrx_word' id='word_1_213' title='bbox 698 3274 715 3330; x_wconf 77' lang='lat' dir='ltr'>t</span> <span class='ocrx_word' id='word_1_214' title='bbox 734 3278 769 3330; x_wconf 81' lang='lat'>1⁷</span> <span class='ocrx_word' id='word_1_215' title='bbox 792 3277 881 3344; x_wconf 88' lang='lat' dir='ltr'>potest</span> <span class='ocrx_word' id='word_1_216' title='bbox 903 3275 1022 3332; x_wconf 86' lang='lat' dir='ltr'>coronari</span> <span class='ocrx_word' id='word_1_217' title='bbox 1045 3277 1139 3346; x_wconf 75' lang='lat' dir='ltr'>adfert</span> <span class='ocrx_word' id='word_1_218' title='bbox 1160 3279 1319 3349; x_wconf 75' lang='lat' dir='ltr'>Cyprianus</span> <span class='ocrx_word' id='word_1_219' title='bbox 1342 3280 1418 3349; x_wconf 78' lang='lat' dir='ltr'>epist.</span> <span class='ocrx_word' id='word_1_220' title='bbox 1436 3281 1477 3336; x_wconf 77' lang='lat'>55</span> 
     </span>
     <span class='ocr_line' id='line_1_27' title="bbox 349 3359 1475 3436; baseline 0.004 -21"><span class='ocrx_word' id='word_1_221' title='bbox 349 3359 402 3416; x_wconf 75' lang='lat' dir='ltr'>cs</span> <span class='ocrx_word' id='word_1_222' title='bbox 470 3359 638 3415; x_wconf 87' lang='lat' dir='ltr'>minimumo</span> <span class='ocrx_word' id='word_1_223' title='bbox 707 3360 965 3417; x_wconf 78' lang='lat' dir='ltr'>habeantE¹MTe</span> <span class='ocrx_word' id='word_1_224' title='bbox 1035 3363 1068 3419; x_wconf 83' lang='lat'>14</span> <span class='ocrx_word' id='word_1_225' title='bbox 1084 3365 1475 3436; x_wconf 66' lang='lat' dir='ltr'>tempore...postularrtorru</span> 
     </span>
     <span class='ocr_line' id='line_1_28' title="bbox 348 3445 1437 3522; baseline 0.006 -21"><span class='ocrx_word' id='word_1_226' title='bbox 348 3446 449 3502; x_wconf 75' lang='lat' dir='ltr'>Erice</span> <span class='ocrx_word' id='word_1_227' title='bbox 517 3462 597 3516; x_wconf 80' lang='lat' dir='ltr'>quam</span> <span class='ocrx_word' id='word_1_228' title='bbox 615 3445 684 3516; x_wconf 80' lang='lat' dir='ltr'>queo</span> <span class='ocrx_word' id='word_1_229' title='bbox 699 3446 724 3501; x_wconf 80' lang='grc' dir='ltr'><em>Τ</em></span> <span class='ocrx_word' id='word_1_230' title='bbox 739 3452 766 3502; x_wconf 80' lang='lat' dir='ltr'>et</span> <span class='ocrx_word' id='word_1_231' title='bbox 781 3447 863 3517; x_wconf 82' lang='lat' dir='ltr'>prr.</span> <span class='ocrx_word' id='word_1_232' title='bbox 880 3448 899 3504; x_wconf 88' lang='lat' dir='ltr'>l.</span> <span class='ocrx_word' id='word_1_233' title='bbox 915 3463 946 3514; x_wconf 83' lang='lat' dir='ltr'>c,</span> <span class='ocrx_word' id='word_1_234' title='bbox 965 3464 1078 3519; x_wconf 82' lang='lat' dir='ltr'>qnsmo</span> <span class='ocrx_word' id='word_1_235' title='bbox 1146 3450 1293 3522; x_wconf 75' lang='lat' dir='ltr'>largienter</span> <span class='ocrx_word' id='word_1_236' title='bbox 1311 3451 1437 3508; x_wconf 77' lang='lat' dir='ltr'>EMToe</span> 
     </span>
     <span class='ocr_line' id='line_1_29' title="bbox 349 3532 1479 3608; baseline 0.003 -20"><span class='ocrx_word' id='word_1_237' title='bbox 349 3533 382 3588; x_wconf 83' lang='grc'>15</span> <span class='ocrx_word' id='word_1_238' title='bbox 399 3532 534 3588; x_wconf 79' lang='lat' dir='ltr'>commissi</span> <span class='ocrx_word' id='word_1_239' title='bbox 548 3533 574 3587; x_wconf 82' lang='grc' dir='ltr'><em>Τ</em></span> <span class='ocrx_word' id='word_1_240' title='bbox 669 3532 703 3587; x_wconf 93' lang='grc'>16</span> <span class='ocrx_word' id='word_1_241' title='bbox 719 3532 863 3588; x_wconf 82' lang='lat' dir='ltr'>infirmiter</span> <span class='ocrx_word' id='word_1_242' title='bbox 883 3535 909 3589; x_wconf 81' lang='lat' dir='ltr'><strong><em>T</em></strong></span> <span class='ocrx_word' id='word_1_243' title='bbox 1003 3536 1155 3606; x_wconf 86' lang='lat' dir='ltr'>poenitsto</span> <span class='ocrx_word' id='word_1_244' title='bbox 1248 3537 1395 3608; x_wconf 73' lang='lat' dir='ltr'>praeualet]</span> <span class='ocrx_word' id='word_1_245' title='bbox 1413 3553 1479 3608; x_wconf 84' lang='lat' dir='ltr'>per-</span> 
     </span>
     <span class='ocr_line' id='line_1_30' title="bbox 348 3617 1477 3694; baseline 0.007 -21"><span class='ocrx_word' id='word_1_246' title='bbox 348 3622 439 3674; x_wconf 88' lang='lat' dir='ltr'>manet</span> <span class='ocrx_word' id='word_1_247' title='bbox 456 3640 478 3672; x_wconf 86' lang='grc' dir='ltr'><strong>ω</strong></span> <span class='ocrx_word' id='word_1_248' title='bbox 558 3617 693 3678; x_wconf 80' lang='lat' dir='ltr'>ditioriT</span> <span class='ocrx_word' id='word_1_249' title='bbox 769 3636 823 3674; x_wconf 89' lang='lat' dir='ltr'>non</span> <span class='ocrx_word' id='word_1_250' title='bbox 840 3637 924 3676; x_wconf 75' lang='lat' dir='ltr'>octo</span> <span class='ocrx_word' id='word_1_251' title='bbox 1005 3621 1038 3676; x_wconf 86' lang='grc'>17</span> <span class='ocrx_word' id='word_1_252' title='bbox 1055 3621 1122 3678; x_wconf 85' lang='lat' dir='ltr'>bene</span> <span class='ocrx_word' id='word_1_253' title='bbox 1140 3639 1242 3694; x_wconf 84' lang='lat' dir='ltr'>semper</span> <span class='ocrx_word' id='word_1_254' title='bbox 1260 3643 1281 3677; x_wconf 80' lang='grc' dir='ltr'><em>ω</em></span> <span class='ocrx_word' id='word_1_255' title='bbox 1362 3625 1394 3678; x_wconf 86' lang='grc'>18</span> <span class='ocrx_word' id='word_1_256' title='bbox 1412 3626 1477 3681; x_wconf 85' lang='lat' dir='ltr'>uni-</span> 
     </span>
     <span class='ocr_line' id='line_1_31' title="bbox 350 3706 1478 3781; baseline 0.005 -21"><span class='ocrx_word' id='word_1_257' title='bbox 350 3721 428 3760; x_wconf 88' lang='lat' dir='ltr'>uersa</span> <span class='ocrx_word' id='word_1_258' title='bbox 446 3706 483 3761; x_wconf 86' lang='grc' dir='ltr'><em>Μ</em></span> <span class='ocrx_word' id='word_1_259' title='bbox 549 3707 618 3778; x_wconf 91' lang='lat' dir='ltr'>meo]</span> <span class='ocrx_word' id='word_1_260' title='bbox 636 3723 667 3761; x_wconf 92' lang='lat' dir='ltr'>eo</span> <span class='ocrx_word' id='word_1_261' title='bbox 687 3708 713 3762; x_wconf 81' lang='lat' dir='ltr'><strong><em>T</em></strong></span> <span class='ocrx_word' id='word_1_262' title='bbox 780 3707 814 3762; x_wconf 86' lang='grc'>19</span> <span class='ocrx_word' id='word_1_263' title='bbox 829 3707 916 3762; x_wconf 86' lang='lat' dir='ltr'>seluta</span> <span class='ocrx_word' id='word_1_264' title='bbox 933 3707 970 3763; x_wconf 84' lang='lat' dir='ltr'><strong><em>M</em></strong></span> <span class='ocrx_word' id='word_1_265' title='bbox 974 3711 981 3744; x_wconf 89' lang='lat'><strong>¹</strong></span> <span class='ocrx_word' id='word_1_266' title='bbox 1054 3725 1152 3764; x_wconf 84' lang='lat' dir='ltr'>memor</span> <span class='ocrx_word' id='word_1_267' title='bbox 1170 3709 1239 3765; x_wconf 83' lang='grc' dir='ltr'>ΜΤ.</span> <span class='ocrx_word' id='word_1_268' title='bbox 1257 3710 1426 3781; x_wconf 77' lang='lat' dir='ltr'>-nprrtun</span> <span class='ocrx_word' id='word_1_269' title='bbox 1442 3711 1478 3767; x_wconf 89' lang='lat' dir='ltr'>irr</span> 
     </span>
     <span class='ocr_line' id='line_1_32' title="bbox 349 3791 1479 3866; baseline 0.007 -22"><span class='ocrx_word' id='word_1_270' title='bbox 349 3805 402 3860; x_wconf 89' lang='lat' dir='ltr'>qua</span> <span class='ocrx_word' id='word_1_271' title='bbox 425 3791 550 3846; x_wconf 77' lang='lat' dir='ltr'>rescribit</span> <span class='ocrx_word' id='word_1_272' title='bbox 567 3792 715 3863; x_wconf 82' lang='lat' dir='ltr'>(rescripsit</span> <span class='ocrx_word' id='word_1_273' title='bbox 734 3793 770 3861; x_wconf 69' lang='lat' dir='ltr'>D</span> <span class='ocrx_word' id='word_1_274' title='bbox 788 3793 857 3847; x_wconf 87' lang='lat' dir='ltr'>clero</span> <span class='ocrx_word' id='word_1_275' title='bbox 874 3793 906 3850; x_wconf 89' lang='lat' dir='ltr'>de</span> <span class='ocrx_word' id='word_1_276' title='bbox 924 3793 968 3848; x_wconf 92' lang='lat' dir='ltr'>bis</span> <span class='ocrx_word' id='word_1_277' title='bbox 986 3793 1036 3864; x_wconf 84' lang='lat' dir='ltr'>(eis</span> <span class='ocrx_word' id='word_1_278' title='bbox 1057 3795 1092 3864; x_wconf 79' lang='grc' dir='ltr'>Τ)</span> <span class='ocrx_word' id='word_1_279' title='bbox 1110 3798 1156 3865; x_wconf 84' lang='lat' dir='ltr'>qni</span> <span class='ocrx_word' id='word_1_280' title='bbox 1174 3795 1209 3850; x_wconf 86' lang='lat' dir='ltr'>ad</span> <span class='ocrx_word' id='word_1_281' title='bbox 1225 3811 1317 3866; x_wconf 84' lang='lat' dir='ltr'>peeem</span> <span class='ocrx_word' id='word_1_282' title='bbox 1341 3795 1479 3852; x_wconf 78' lang='lat' dir='ltr'>festinent</span> 
     </span>
     <span class='ocr_line' id='line_1_33' title="bbox 346 3877 1249 3950; baseline 0.007 -20"><span class='ocrx_word' id='word_1_283' title='bbox 346 3877 459 3946; x_wconf 81' lang='lat' dir='ltr'>explicit</span> <span class='ocrx_word' id='word_1_284' title='bbox 475 3879 580 3936; x_wconf 81' lang='grc' dir='ltr'><strong><em>ΕΜΤο</em></strong></span> <span class='ocrx_word' id='word_1_285' title='bbox 596 3881 652 3935; x_wconf 69' lang='lat' dir='ltr'>ubi</span> <span class='ocrx_word' id='word_1_286' title='bbox 667 3879 741 3950; x_wconf 78' lang='lat' dir='ltr'>quod</span> <span class='ocrx_word' id='word_1_287' title='bbox 757 3879 869 3950; x_wconf 83' lang='lat' dir='ltr'>explicit</span> <span class='ocrx_word' id='word_1_288' title='bbox 881 3881 1038 3950; x_wconf 81' lang='lat' dir='ltr'>praemittit</span> <span class='ocrx_word' id='word_1_289' title='bbox 1055 3898 1079 3948; x_wconf 93' lang='lat' dir='ltr'>o,</span> <span class='ocrx_word' id='word_1_290' title='bbox 1098 3898 1148 3938; x_wconf 75' lang='lat' dir='ltr'>out</span> <span class='ocrx_word' id='word_1_291' title='bbox 1167 3903 1197 3937; x_wconf 83' lang='lat' dir='ltr'>e.</span> <span class='ocrx_word' id='word_1_292' title='bbox 1215 3913 1249 3924; x_wconf 96' lang='lat'>—</span> 
     </span>
    </p>
   </div>
   <div class='ocr_carea' id='block_1_9' title="bbox 0 0 1631 5159">
    <p class='ocr_par' dir='ltr' id='par_1_9' title="bbox 0 0 1631 5159">
     <span class='ocr_line' id='line_1_34' title="bbox 0 0 1631 5159; baseline 0 0"><span class='ocrx_word' id='word_1_293' title='bbox 0 0 1631 5159; x_wconf 95' lang='lat' dir='ltr'> </span> 
     </span>
    </p>
   </div>
  </div>
 </body>
</html>
