<?xml version="1.0" encoding="UTF-8"?>
<!DOCTYPE html PUBLIC "-//W3C//DTD XHTML 1.0 Transitional//EN"
    "http://www.w3.org/TR/xhtml1/DTD/xhtml1-transitional.dtd">
<html xmlns="http://www.w3.org/1999/xhtml" xml:lang="en" lang="en">
 <head>
  <title>
</title>
<meta http-equiv="Content-Type" content="text/html;charset=utf-8" />
  <meta name='ocr-system' content='tesseract 3.04.00' />
  <meta name='ocr-capabilities' content='ocr_page ocr_carea ocr_par ocr_line ocrx_word'/>
</head>
<body>
  <div class='ocr_page' id='page_1' title='image "./corpusscriptoru04wiengoog/corpusscriptoru04wiengoog_0850.png"; bbox 0 0 3242 5159; ppageno 0'>
   <div class='ocr_carea' id='block_1_1' title="bbox 377 510 1103 581">
    <p class='ocr_par' dir='ltr' id='par_1_1' title="bbox 377 510 1103 581">
     <span class='ocr_line' id='line_1_1' title="bbox 377 510 1103 581; baseline -0.017 -5"><span class='ocrx_word' id='word_1_1' title='bbox 377 514 439 581; x_wconf 86' lang='lat'>818</span> <span class='ocrx_word' id='word_1_2' title='bbox 770 510 917 567; x_wconf 83' lang='lat' dir='ltr'>Caecilii</span> <span class='ocrx_word' id='word_1_3' title='bbox 939 510 1103 581; x_wconf 76' lang='lat' dir='ltr'>Cypriani</span> 
     </span>
    </p>
   </div>
   <div class='ocr_carea' id='block_1_2' title="bbox 327 666 1587 3432">
    <p class='ocr_par' dir='ltr' id='par_1_2' title="bbox 375 666 1587 1370">
     <span class='ocr_line' id='line_1_2' title="bbox 377 666 1523 751; baseline -0.002 -18"><span class='ocrx_word' id='word_1_4' title='bbox 377 668 534 733; x_wconf 91' lang='lat' dir='ltr'>daemonis</span> <span class='ocrx_word' id='word_1_5' title='bbox 549 667 651 733; x_wconf 90' lang='lat' dir='ltr'>multa</span> <span class='ocrx_word' id='word_1_6' title='bbox 661 668 701 733; x_wconf 91' lang='lat' dir='ltr'>ad</span> <span class='ocrx_word' id='word_1_7' title='bbox 713 668 924 751; x_wconf 73' lang='lat' dir='ltr'>deceptionem</span> <span class='ocrx_word' id='word_1_8' title='bbox 936 666 1076 732; x_wconf 90' lang='lat' dir='ltr'>fidelium</span> <span class='ocrx_word' id='word_1_9' title='bbox 1090 666 1291 744; x_wconf 75' lang='lat' dir='ltr'>moliebatur,</span> <span class='ocrx_word' id='word_1_10' title='bbox 1308 667 1400 731; x_wconf 84' lang='lat' dir='ltr'>inter</span> <span class='ocrx_word' id='word_1_11' title='bbox 1414 668 1523 732; x_wconf 81' lang='lat' dir='ltr'>cetera</span> 
     </span>
     <span class='ocr_line' id='line_1_3' title="bbox 377 770 1521 855; baseline -0.002 -18"><span class='ocrx_word' id='word_1_12' title='bbox 377 774 489 855; x_wconf 89' lang='lat' dir='ltr'>quihus</span> <span class='ocrx_word' id='word_1_13' title='bbox 509 773 660 854; x_wconf 89' lang='lat' dir='ltr'>plurimos</span> <span class='ocrx_word' id='word_1_14' title='bbox 681 772 842 854; x_wconf 76' lang='lat' dir='ltr'>deceperat</span> <span class='ocrx_word' id='word_1_15' title='bbox 861 771 958 837; x_wconf 89' lang='lat' dir='ltr'>etiam</span> <span class='ocrx_word' id='word_1_16' title='bbox 978 771 1036 835; x_wconf 92' lang='lat' dir='ltr'>hoc</span> <span class='ocrx_word' id='word_1_17' title='bbox 1056 770 1232 853; x_wconf 86' lang='lat' dir='ltr'>frequenter</span> <span class='ocrx_word' id='word_1_18' title='bbox 1252 788 1333 835; x_wconf 88' lang='lat' dir='ltr'>ansa</span> <span class='ocrx_word' id='word_1_19' title='bbox 1346 772 1412 846; x_wconf 87' lang='lat' dir='ltr'>est,</span> <span class='ocrx_word' id='word_1_20' title='bbox 1435 773 1478 834; x_wconf 90' lang='lat' dir='ltr'>nt</span> <span class='ocrx_word' id='word_1_21' title='bbox 1490 773 1521 835; x_wconf 87' lang='lat' dir='ltr'>et</span> 
     </span>
     <span class='ocr_line' id='line_1_4' title="bbox 375 873 1522 958; baseline -0.001 -19"><span class='ocrx_word' id='word_1_22' title='bbox 375 875 569 941; x_wconf 86' lang='lat' dir='ltr'>inuocatione</span> <span class='ocrx_word' id='word_1_23' title='bbox 591 894 650 941; x_wconf 93' lang='lat' dir='ltr'>non</span> <span class='ocrx_word' id='word_1_24' title='bbox 673 874 903 958; x_wconf 80' lang='lat' dir='ltr'>contemptibili</span> <span class='ocrx_word' id='word_1_25' title='bbox 923 873 1117 939; x_wconf 85' lang='lat' dir='ltr'>sanctificare</span> <span class='ocrx_word' id='word_1_26' title='bbox 1137 891 1170 938; x_wconf 83' lang='lat' dir='ltr'>se</span> <span class='ocrx_word' id='word_1_27' title='bbox 1187 891 1304 955; x_wconf 89' lang='lat' dir='ltr'>panem</span> <span class='ocrx_word' id='word_1_28' title='bbox 1319 875 1355 938; x_wconf 92' lang='lat' dir='ltr'>et</span> <span class='ocrx_word' id='word_1_29' title='bbox 1370 873 1522 938; x_wconf 82' lang='lat' dir='ltr'>euchari·</span> 
     </span>
     <span class='ocr_line' id='line_1_5' title="bbox 376 976 1522 1045; baseline -0.001 -2"><span class='ocrx_word' id='word_1_30' title='bbox 376 978 470 1043; x_wconf 88' lang='lat' dir='ltr'>stiam</span> <span class='ocrx_word' id='word_1_31' title='bbox 495 978 594 1045; x_wconf 84' lang='lat' dir='ltr'>lacere</span> <span class='ocrx_word' id='word_1_32' title='bbox 618 979 782 1045; x_wconf 79' lang='lat' dir='ltr'>simularet</span> <span class='ocrx_word' id='word_1_33' title='bbox 806 980 839 1043; x_wconf 89' lang='lat' dir='ltr'>ct</span> <span class='ocrx_word' id='word_1_34' title='bbox 859 977 1047 1044; x_wconf 84' lang='lat' dir='ltr'>sacrificium</span> <span class='ocrx_word' id='word_1_35' title='bbox 1066 976 1201 1041; x_wconf 91' lang='lat' dir='ltr'>Domino</span> <span class='ocrx_word' id='word_1_36' title='bbox 1223 976 1292 1041; x_wconf 91' lang='lat' dir='ltr'>sine</span> <span class='ocrx_word' id='word_1_37' title='bbox 1315 982 1522 1042; x_wconf 84' lang='lat' dir='ltr'>sacramento</span> 
     </span>
     <span class='ocr_line' id='line_1_6' title="bbox 375 1080 1538 1165; baseline -0.003 -20"><span class='ocrx_word' id='word_1_38' title='bbox 375 1080 486 1147; x_wconf 88' lang='lat' dir='ltr'>solitae</span> <span class='ocrx_word' id='word_1_39' title='bbox 505 1082 744 1165; x_wconf 74' lang='lat' dir='ltr'>praedicationis</span> <span class='ocrx_word' id='word_1_40' title='bbox 765 1081 900 1156; x_wconf 80' lang='lat' dir='ltr'>offerret,</span> <span class='ocrx_word' id='word_1_41' title='bbox 923 1080 1094 1165; x_wconf 80' lang='lat' dir='ltr'>baptizaret</span> <span class='ocrx_word' id='word_1_42' title='bbox 1114 1098 1236 1162; x_wconf 87' lang='lat' dir='ltr'>quoque</span> <span class='ocrx_word' id='word_1_43' title='bbox 1251 1080 1379 1145; x_wconf 89' lang='lat' dir='ltr'>multos</span> <span class='ocrx_word' id='word_1_44' title='bbox 1396 1081 1538 1145; x_wconf 74' lang='lat' dir='ltr'>usitatas</span> 
     </span>
     <span class='ocr_line' id='line_1_7' title="bbox 375 1182 1587 1284; baseline 0.002 -37"><span class='ocrx_word' id='word_1_45' title='bbox 375 1186 406 1247; x_wconf 92' lang='lat' dir='ltr'>et</span> <span class='ocrx_word' id='word_1_46' title='bbox 426 1183 571 1269; x_wconf 83' lang='lat' dir='ltr'>legitima</span> <span class='ocrx_word' id='word_1_47' title='bbox 591 1184 685 1249; x_wconf 90' lang='lat' dir='ltr'>uerba</span> <span class='ocrx_word' id='word_1_48' title='bbox 705 1184 961 1269; x_wconf 79' lang='lat' dir='ltr'>interrogationis</span> <span class='ocrx_word' id='word_1_49' title='bbox 981 1202 1144 1267; x_wconf 88' lang='lat' dir='ltr'>usurpans,</span> <span class='ocrx_word' id='word_1_50' title='bbox 1171 1184 1209 1247; x_wconf 95' lang='lat' dir='ltr'>ut</span> <span class='ocrx_word' id='word_1_51' title='bbox 1227 1182 1313 1247; x_wconf 89' lang='lat' dir='ltr'>nihil</span> <span class='ocrx_word' id='word_1_52' title='bbox 1336 1184 1520 1267; x_wconf 77' lang='lat' dir='ltr'>discrcpcua</span> <span class='ocrx_word' id='word_1_53' title='bbox 1586 1219 1587 1284; x_wconf 48' lang='grc' dir='ltr'>ι</span> 
     </span>
     <span class='ocr_line' id='line_1_8' title="bbox 375 1286 945 1370; baseline 0 -19"><span class='ocrx_word' id='word_1_54' title='bbox 375 1287 413 1351; x_wconf 93' lang='lat' dir='ltr'>ab</span> <span class='ocrx_word' id='word_1_55' title='bbox 429 1286 638 1353; x_wconf 83' lang='lat' dir='ltr'>ecclesiastiea</span> <span class='ocrx_word' id='word_1_56' title='bbox 653 1286 762 1370; x_wconf 86' lang='lat' dir='ltr'>regule</span> <span class='ocrx_word' id='word_1_57' title='bbox 776 1286 945 1352; x_wconf 76' lang='lat' dir='ltr'>inderetur.</span> 
     </span>
    </p>

    <p class='ocr_par' dir='ltr' id='par_1_3' title="bbox 327 1387 1545 2505">
     <span class='ocr_line' id='line_1_9' title="bbox 327 1387 1518 1473; baseline -0.004 -15"><span class='ocrx_word' id='word_1_58' title='bbox 327 1396 361 1458; x_wconf 95' lang='lat' dir='ltr'>ll</span> <span class='ocrx_word' id='word_1_59' title='bbox 418 1387 500 1467; x_wconf 83' lang='lat' dir='ltr'>Quid</span> <span class='ocrx_word' id='word_1_60' title='bbox 526 1389 624 1473; x_wconf 85' lang='lat' dir='ltr'>igitur</span> <span class='ocrx_word' id='word_1_61' title='bbox 650 1390 687 1454; x_wconf 89' lang='lat' dir='ltr'>de</span> <span class='ocrx_word' id='word_1_62' title='bbox 713 1390 807 1455; x_wconf 90' lang='lat' dir='ltr'>huius</span> <span class='ocrx_word' id='word_1_63' title='bbox 837 1389 996 1472; x_wconf 82' lang='lat' dir='ltr'>baptismo</span> <span class='ocrx_word' id='word_1_64' title='bbox 1024 1389 1174 1468; x_wconf 85' lang='lat' dir='ltr'>dicemus,</span> <span class='ocrx_word' id='word_1_65' title='bbox 1204 1408 1267 1471; x_wconf 89' lang='lat' dir='ltr'>quo</span> <span class='ocrx_word' id='word_1_66' title='bbox 1294 1390 1518 1472; x_wconf 79' lang='lat' dir='ltr'>nequissimus</span> 
     </span>
     <span class='ocr_line' id='line_1_10' title="bbox 376 1491 1518 1577; baseline 0.003 -23"><span class='ocrx_word' id='word_1_67' title='bbox 376 1491 506 1557; x_wconf 90' lang='lat' dir='ltr'>daemon</span> <span class='ocrx_word' id='word_1_68' title='bbox 526 1511 581 1575; x_wconf 85' lang='lat' dir='ltr'>per</span> <span class='ocrx_word' id='word_1_69' title='bbox 600 1492 763 1559; x_wconf 85' lang='lat' dir='ltr'>mulierem</span> <span class='ocrx_word' id='word_1_70' title='bbox 779 1492 974 1574; x_wconf 76' lang='lat' dir='ltr'>baptzeuice</span> <span class='ocrx_word' id='word_1_71' title='bbox 994 1492 1147 1575; x_wconf 89' lang='lat' dir='ltr'>numquid</span> <span class='ocrx_word' id='word_1_72' title='bbox 1162 1494 1195 1558; x_wconf 92' lang='lat' dir='ltr'>ct</span> <span class='ocrx_word' id='word_1_73' title='bbox 1209 1492 1268 1557; x_wconf 86' lang='lat' dir='ltr'>hoc</span> <span class='ocrx_word' id='word_1_74' title='bbox 1282 1491 1472 1577; x_wconf 82' lang='lat' dir='ltr'>Stephanus</span> <span class='ocrx_word' id='word_1_75' title='bbox 1487 1497 1518 1558; x_wconf 83' lang='lat' dir='ltr'>et</span> 
     </span>
     <span class='ocr_line' id='line_1_11' title="bbox 375 1594 1545 1679; baseline -0.001 -22"><span class='ocrx_word' id='word_1_76' title='bbox 375 1594 429 1676; x_wconf 90' lang='lat' dir='ltr'>qui</span> <span class='ocrx_word' id='word_1_77' title='bbox 444 1594 493 1661; x_wconf 95' lang='lat' dir='ltr'>illi</span> <span class='ocrx_word' id='word_1_78' title='bbox 504 1596 700 1661; x_wconf 90' lang='lat' dir='ltr'>consentiunt</span> <span class='ocrx_word' id='word_1_79' title='bbox 715 1596 912 1677; x_wconf 77' lang='lat' dir='ltr'>conprobem,</span> <span class='ocrx_word' id='word_1_80' title='bbox 928 1597 1064 1662; x_wconf 85' lang='lat' dir='ltr'>maxime</span> <span class='ocrx_word' id='word_1_81' title='bbox 1078 1596 1129 1661; x_wconf 90' lang='lat' dir='ltr'>cui</span> <span class='ocrx_word' id='word_1_82' title='bbox 1143 1614 1199 1661; x_wconf 91' lang='lat' dir='ltr'>noc</span> <span class='ocrx_word' id='word_1_83' title='bbox 1214 1595 1405 1679; x_wconf 83' lang='lat' dir='ltr'>symbolum</span> <span class='ocrx_word' id='word_1_84' title='bbox 1421 1598 1545 1661; x_wconf 70' lang='lat' dir='ltr'>trini-a</span> 
     </span>
     <span class='ocr_line' id='line_1_12' title="bbox 375 1697 1516 1784; baseline 0.005 -23"><span class='ocrx_word' id='word_1_85' title='bbox 375 1697 452 1761; x_wconf 87' lang='lat' dir='ltr'>tetis</span> <span class='ocrx_word' id='word_1_86' title='bbox 478 1716 534 1763; x_wconf 87' lang='lat' dir='ltr'>nec</span> <span class='ocrx_word' id='word_1_87' title='bbox 560 1698 761 1783; x_wconf 83' lang='lat' dir='ltr'>interrogatio</span> <span class='ocrx_word' id='word_1_88' title='bbox 787 1699 932 1783; x_wconf 74' lang='lat' dir='ltr'>legitima</span> <span class='ocrx_word' id='word_1_89' title='bbox 957 1701 990 1763; x_wconf 90' lang='lat' dir='ltr'>et</span> <span class='ocrx_word' id='word_1_90' title='bbox 1016 1700 1225 1766; x_wconf 86' lang='lat' dir='ltr'>ecclesiastica</span> <span class='ocrx_word' id='word_1_91' title='bbox 1250 1699 1382 1765; x_wconf 74' lang='lat' dir='ltr'>defuit?</span> <span class='ocrx_word' id='word_1_92' title='bbox 1412 1704 1516 1784; x_wconf 83' lang='lat' dir='ltr'>potest</span> 
     </span>
     <span class='ocr_line' id='line_1_13' title="bbox 375 1798 1516 1888; baseline 0.004 -26"><span class='ocrx_word' id='word_1_93' title='bbox 375 1798 457 1863; x_wconf 90' lang='lat' dir='ltr'>credi</span> <span class='ocrx_word' id='word_1_94' title='bbox 478 1802 534 1863; x_wconf 93' lang='lat' dir='ltr'>aut</span> <span class='ocrx_word' id='word_1_95' title='bbox 549 1800 690 1865; x_wconf 88' lang='lat' dir='ltr'>remissio</span> <span class='ocrx_word' id='word_1_96' title='bbox 705 1804 902 1883; x_wconf 88' lang='lat' dir='ltr'>peccatorum</span> <span class='ocrx_word' id='word_1_97' title='bbox 917 1803 993 1869; x_wconf 91' lang='lat' dir='ltr'>data</span> <span class='ocrx_word' id='word_1_98' title='bbox 1007 1803 1063 1869; x_wconf 89' lang='lat' dir='ltr'>aut</span> <span class='ocrx_word' id='word_1_99' title='bbox 1077 1800 1196 1869; x_wconf 90' lang='lat' dir='ltr'>lauacri</span> <span class='ocrx_word' id='word_1_100' title='bbox 1210 1804 1368 1869; x_wconf 89' lang='lat' dir='ltr'>salutaris</span> <span class='ocrx_word' id='word_1_101' title='bbox 1382 1822 1516 1888; x_wconf 75' lang='lat' dir='ltr'>regsne</span> 
     </span>
     <span class='ocr_line' id='line_1_14' title="bbox 374 1902 1516 1990; baseline 0.004 -23"><span class='ocrx_word' id='word_1_102' title='bbox 374 1902 455 1967; x_wconf 91' lang='lat' dir='ltr'>ratio</span> <span class='ocrx_word' id='word_1_103' title='bbox 480 1902 540 1969; x_wconf 90' lang='lat' dir='ltr'>rite</span> <span class='ocrx_word' id='word_1_104' title='bbox 560 1904 705 1987; x_wconf 88' lang='lat' dir='ltr'>perlecta,</span> <span class='ocrx_word' id='word_1_105' title='bbox 732 1905 786 1970; x_wconf 92' lang='lat' dir='ltr'>ubi</span> <span class='ocrx_word' id='word_1_106' title='bbox 810 1906 916 1971; x_wconf 91' lang='lat' dir='ltr'>omnia</span> <span class='ocrx_word' id='word_1_107' title='bbox 938 1906 1083 1988; x_wconf 86' lang='lat' dir='ltr'>quamuis</span> <span class='ocrx_word' id='word_1_108' title='bbox 1103 1906 1144 1973; x_wconf 89' lang='lat' dir='ltr'>ad</span> <span class='ocrx_word' id='word_1_109' title='bbox 1163 1906 1339 1990; x_wconf 81' lang='lat' dir='ltr'>imaginem</span> <span class='ocrx_word' id='word_1_110' title='bbox 1366 1908 1516 1971; x_wconf 80' lang='lat' dir='ltr'>ueritatis</span> 
     </span>
     <span class='ocr_line' id='line_1_15' title="bbox 374 2008 1516 2093; baseline 0.004 -24"><span class='ocrx_word' id='word_1_111' title='bbox 374 2008 480 2071; x_wconf 87' lang='lat' dir='ltr'>tamen</span> <span class='ocrx_word' id='word_1_112' title='bbox 495 2024 550 2089; x_wconf 88' lang='lat' dir='ltr'>per</span> <span class='ocrx_word' id='word_1_113' title='bbox 565 2008 744 2073; x_wconf 90' lang='lat' dir='ltr'>daemonem</span> <span class='ocrx_word' id='word_1_114' title='bbox 760 2012 850 2093; x_wconf 86' lang='lat' dir='ltr'>gesta</span> <span class='ocrx_word' id='word_1_115' title='bbox 864 2011 961 2075; x_wconf 73' lang='lat' dir='ltr'>sunt?</span> <span class='ocrx_word' id='word_1_116' title='bbox 975 2010 1037 2076; x_wconf 88' lang='lat' dir='ltr'>uisi</span> <span class='ocrx_word' id='word_1_117' title='bbox 1051 2010 1079 2074; x_wconf 87' lang='lat' dir='ltr'>si</span> <span class='ocrx_word' id='word_1_118' title='bbox 1090 2010 1124 2074; x_wconf 93' lang='lat' dir='ltr'>ct</span> <span class='ocrx_word' id='word_1_119' title='bbox 1137 2009 1321 2075; x_wconf 89' lang='lat' dir='ltr'>daemonem</span> <span class='ocrx_word' id='word_1_120' title='bbox 1337 2010 1374 2074; x_wconf 92' lang='lat' dir='ltr'>in</span> <span class='ocrx_word' id='word_1_121' title='bbox 1386 2010 1516 2076; x_wconf 81' lang='lat' dir='ltr'>nomina</span> 
     </span>
     <span class='ocr_line' id='line_1_16' title="bbox 374 2108 1540 2196; baseline 0.004 -23"><span class='ocrx_word' id='word_1_122' title='bbox 374 2108 473 2192; x_wconf 84' lang='lat' dir='ltr'>patris</span> <span class='ocrx_word' id='word_1_123' title='bbox 489 2111 521 2176; x_wconf 97' lang='grc' dir='ltr'>ιι</span> <span class='ocrx_word' id='word_1_124' title='bbox 536 2109 594 2174; x_wconf 87' lang='lat' dir='ltr'>lilii</span> <span class='ocrx_word' id='word_1_125' title='bbox 609 2113 641 2175; x_wconf 90' lang='lat' dir='ltr'>et</span> <span class='ocrx_word' id='word_1_126' title='bbox 656 2111 785 2193; x_wconf 89' lang='lat' dir='ltr'>spiritus</span> <span class='ocrx_word' id='word_1_127' title='bbox 801 2112 901 2180; x_wconf 90' lang='lat' dir='ltr'>sancti</span> <span class='ocrx_word' id='word_1_128' title='bbox 916 2114 1052 2196; x_wconf 80' lang='lat' dir='ltr'>gratiam</span> <span class='ocrx_word' id='word_1_129' title='bbox 1069 2112 1219 2195; x_wconf 84' lang='lat' dir='ltr'>baptismi</span> <span class='ocrx_word' id='word_1_130' title='bbox 1234 2112 1364 2177; x_wconf 86' lang='lat' dir='ltr'>dedisse</span> <span class='ocrx_word' id='word_1_131' title='bbox 1379 2115 1511 2179; x_wconf 74' lang='lat' dir='ltr'>conten</span> <span class='ocrx_word' id='word_1_132' title='bbox 1520 2142 1540 2178; x_wconf 83' lang='lat' dir='ltr'>n</span> 
     </span>
     <span class='ocr_line' id='line_1_17' title="bbox 375 2212 1516 2301; baseline 0.004 -24"><span class='ocrx_word' id='word_1_133' title='bbox 375 2212 454 2277; x_wconf 89' lang='lat' dir='ltr'>dunt</span> <span class='ocrx_word' id='word_1_134' title='bbox 479 2213 532 2296; x_wconf 90' lang='lat' dir='ltr'>qui</span> <span class='ocrx_word' id='word_1_135' title='bbox 559 2214 783 2301; x_wconf 70' lang='lat' dir='ltr'>haereticorum</span> <span class='ocrx_word' id='word_1_136' title='bbox 814 2216 1005 2297; x_wconf 86' lang='lat' dir='ltr'>baptismata</span> <span class='ocrx_word' id='word_1_137' title='bbox 1033 2216 1192 2293; x_wconf 84' lang='lat' dir='ltr'>adserunt,</span> <span class='ocrx_word' id='word_1_138' title='bbox 1222 2216 1306 2297; x_wconf 90' lang='lat' dir='ltr'>apud</span> <span class='ocrx_word' id='word_1_139' title='bbox 1337 2233 1424 2297; x_wconf 86' lang='lat' dir='ltr'>ques</span> <span class='ocrx_word' id='word_1_140' title='bbox 1451 2218 1516 2281; x_wconf 86' lang='lat' dir='ltr'>sius</span> 
     </span>
     <span class='ocr_line' id='line_1_18' title="bbox 375 2314 1516 2402; baseline 0.003 -24"><span class='ocrx_word' id='word_1_141' title='bbox 375 2314 469 2380; x_wconf 93' lang='lat' dir='ltr'>dubio</span> <span class='ocrx_word' id='word_1_142' title='bbox 491 2317 574 2383; x_wconf 88' lang='lat' dir='ltr'>idem</span> <span class='ocrx_word' id='word_1_143' title='bbox 596 2336 679 2383; x_wconf 88' lang='lat' dir='ltr'>error</span> <span class='ocrx_word' id='word_1_144' title='bbox 699 2320 756 2395; x_wconf 86' lang='lat' dir='ltr'>est,</span> <span class='ocrx_word' id='word_1_145' title='bbox 781 2319 966 2384; x_wconf 85' lang='lat' dir='ltr'>daemonum</span> <span class='ocrx_word' id='word_1_146' title='bbox 979 2319 1105 2385; x_wconf 83' lang='lat' dir='ltr'>fadacia</span> <span class='ocrx_word' id='word_1_147' title='bbox 1118 2318 1188 2402; x_wconf 88' lang='lat' dir='ltr'>ipsa</span> <span class='ocrx_word' id='word_1_148' title='bbox 1201 2322 1259 2401; x_wconf 90' lang='lat' dir='ltr'>est,</span> <span class='ocrx_word' id='word_1_149' title='bbox 1284 2320 1417 2401; x_wconf 89' lang='lat' dir='ltr'>quande</span> <span class='ocrx_word' id='word_1_150' title='bbox 1433 2318 1516 2402; x_wconf 90' lang='lat' dir='ltr'>apud</span> 
     </span>
     <span class='ocr_line' id='line_1_19' title="bbox 375 2418 1123 2505; baseline 0.009 -24"><span class='ocrx_word' id='word_1_151' title='bbox 375 2418 446 2485; x_wconf 87' lang='lat' dir='ltr'>illos</span> <span class='ocrx_word' id='word_1_152' title='bbox 465 2420 590 2486; x_wconf 92' lang='lat' dir='ltr'>omnino</span> <span class='ocrx_word' id='word_1_153' title='bbox 605 2424 729 2487; x_wconf 89' lang='lat' dir='ltr'>sanctus</span> <span class='ocrx_word' id='word_1_154' title='bbox 744 2422 873 2505; x_wconf 87' lang='lat' dir='ltr'>spiritns</span> <span class='ocrx_word' id='word_1_155' title='bbox 887 2442 948 2489; x_wconf 93' lang='lat' dir='ltr'>nou</span> <span class='ocrx_word' id='word_1_156' title='bbox 964 2425 1020 2488; x_wconf 90' lang='lat' dir='ltr'>est.</span> <span class='ocrx_word' id='word_1_157' title='bbox 1120 2460 1123 2465; x_wconf 93' lang='lat'><em>-</em></span> 
     </span>
    </p>

    <p class='ocr_par' dir='ltr' id='par_1_4' title="bbox 327 2522 1544 3432">
     <span class='ocr_line' id='line_1_20' title="bbox 327 2522 1515 2610; baseline 0.005 -25"><span class='ocrx_word' id='word_1_158' title='bbox 327 2522 365 2585; x_wconf 79' lang='lat'>12</span> <span class='ocrx_word' id='word_1_159' title='bbox 420 2522 504 2588; x_wconf 92' lang='lat' dir='ltr'>Illud</span> <span class='ocrx_word' id='word_1_160' title='bbox 534 2523 629 2589; x_wconf 89' lang='lat' dir='ltr'>etiam</span> <span class='ocrx_word' id='word_1_161' title='bbox 659 2525 750 2606; x_wconf 89' lang='lat' dir='ltr'>quale</span> <span class='ocrx_word' id='word_1_162' title='bbox 775 2528 824 2591; x_wconf 90' lang='lat' dir='ltr'>est</span> <span class='ocrx_word' id='word_1_163' title='bbox 849 2526 931 2607; x_wconf 90' lang='lat' dir='ltr'>quod</span> <span class='ocrx_word' id='word_1_164' title='bbox 956 2525 1028 2591; x_wconf 93' lang='lat' dir='ltr'>uult</span> <span class='ocrx_word' id='word_1_165' title='bbox 1052 2524 1235 2609; x_wconf 85' lang='lat' dir='ltr'>Stephanus,</span> <span class='ocrx_word' id='word_1_166' title='bbox 1264 2526 1316 2591; x_wconf 90' lang='lat' dir='ltr'>his</span> <span class='ocrx_word' id='word_1_167' title='bbox 1343 2527 1403 2609; x_wconf 86' lang='lat' dir='ltr'>qui</span> <span class='ocrx_word' id='word_1_168' title='bbox 1432 2528 1515 2610; x_wconf 90' lang='lat' dir='ltr'>apud</span> 
     </span>
     <span class='ocr_line' id='line_1_21' title="bbox 376 2624 1544 2710; baseline 0.009 -21"><span class='ocrx_word' id='word_1_169' title='bbox 376 2624 547 2692; x_wconf 89' lang='lat' dir='ltr'>haereticos</span> <span class='ocrx_word' id='word_1_170' title='bbox 563 2626 761 2710; x_wconf 89' lang='lat' dir='ltr'>baptizantur</span> <span class='ocrx_word' id='word_1_171' title='bbox 772 2628 879 2693; x_wconf 88' lang='lat' dir='ltr'>adesse</span> <span class='ocrx_word' id='word_1_172' title='bbox 890 2628 1097 2710; x_wconf 87' lang='lat' dir='ltr'>praesentiam</span> <span class='ocrx_word' id='word_1_173' title='bbox 1107 2631 1140 2693; x_wconf 90' lang='lat' dir='ltr'>et</span> <span class='ocrx_word' id='word_1_174' title='bbox 1150 2628 1361 2695; x_wconf 86' lang='lat' dir='ltr'>sanctimonia</span> <span class='ocrx_word' id='word_1_175' title='bbox 1372 2629 1544 2699; x_wconf 62' lang='lat' dir='ltr'>christiin</span> 
     </span>
     <span class='ocr_line' id='line_1_22' title="bbox 376 2729 1516 2815; baseline 0.005 -22"><span class='ocrx_word' id='word_1_176' title='bbox 376 2746 449 2793; x_wconf 87' lang='lat' dir='ltr'>nam</span> <span class='ocrx_word' id='word_1_177' title='bbox 464 2729 492 2793; x_wconf 86' lang='lat' dir='ltr'>si</span> <span class='ocrx_word' id='word_1_178' title='bbox 507 2748 568 2795; x_wconf 92' lang='lat' dir='ltr'>uon</span> <span class='ocrx_word' id='word_1_179' title='bbox 582 2732 735 2796; x_wconf 88' lang='lat' dir='ltr'>mentitur</span> <span class='ocrx_word' id='word_1_180' title='bbox 750 2733 909 2814; x_wconf 91' lang='lat' dir='ltr'>apostolus</span> <span class='ocrx_word' id='word_1_181' title='bbox 930 2732 1052 2797; x_wconf 79' lang='lat' dir='ltr'>dicens:</span> <span class='ocrx_word' id='word_1_182' title='bbox 1074 2734 1267 2815; x_wconf 85' lang='lat' dir='ltr'>quotquot</span> <span class='ocrx_word' id='word_1_183' title='bbox 1288 2733 1328 2797; x_wconf 95' lang='lat' dir='ltr'>in</span> <span class='ocrx_word' id='word_1_184' title='bbox 1352 2732 1516 2799; x_wconf 81' lang='lat' dir='ltr'>Christo</span> 
     </span>
     <span class='ocr_line' id='line_1_23' title="bbox 376 2831 1515 2917; baseline 0.006 -22"><span class='ocrx_word' id='word_1_185' title='bbox 376 2831 499 2897; x_wconf 90' lang='lat' dir='ltr'>tincti</span> <span class='ocrx_word' id='word_1_186' title='bbox 531 2832 648 2911; x_wconf 92' lang='lat' dir='ltr'>estis,</span> <span class='ocrx_word' id='word_1_187' title='bbox 679 2832 880 2899; x_wconf 83' lang='lat' dir='ltr'>Christum</span> <span class='ocrx_word' id='word_1_188' title='bbox 910 2834 1119 2914; x_wconf 88' lang='lat' dir='ltr'>induistis,</span> <span class='ocrx_word' id='word_1_189' title='bbox 1155 2836 1264 2916; x_wconf 85' lang='lat' dir='ltr'>utique</span> <span class='ocrx_word' id='word_1_190' title='bbox 1293 2836 1351 2917; x_wconf 88' lang='lat' dir='ltr'>qui</span> <span class='ocrx_word' id='word_1_191' title='bbox 1381 2836 1456 2902; x_wconf 88' lang='lat' dir='ltr'>illie</span> <span class='ocrx_word' id='word_1_192' title='bbox 1483 2838 1515 2901; x_wconf 91' lang='lat' dir='ltr'>in</span> 
     </span>
     <span class='ocr_line' id='line_1_24' title="bbox 376 2932 1514 3017; baseline 0.005 -18"><span class='ocrx_word' id='word_1_193' title='bbox 376 2932 498 2999; x_wconf 80' lang='lat' dir='ltr'>Christo</span> <span class='ocrx_word' id='word_1_194' title='bbox 522 2935 698 3017; x_wconf 86' lang='lat' dir='ltr'>baptizatus</span> <span class='ocrx_word' id='word_1_195' title='bbox 722 2939 770 3001; x_wconf 89' lang='lat' dir='ltr'>est</span> <span class='ocrx_word' id='word_1_196' title='bbox 794 2936 898 3003; x_wconf 87' lang='lat' dir='ltr'>induit</span> <span class='ocrx_word' id='word_1_197' title='bbox 917 2936 1087 3003; x_wconf 81' lang='lat' dir='ltr'>Christum.</span> <span class='ocrx_word' id='word_1_198' title='bbox 1112 2936 1140 3003; x_wconf 90' lang='lat' dir='ltr'>si</span> <span class='ocrx_word' id='word_1_199' title='bbox 1160 2941 1270 3003; x_wconf 90' lang='lat' dir='ltr'>autem</span> <span class='ocrx_word' id='word_1_200' title='bbox 1290 2938 1401 3004; x_wconf 91' lang='lat' dir='ltr'>induit</span> <span class='ocrx_word' id='word_1_201' title='bbox 1423 2940 1514 3005; x_wconf 85' lang='lat' dir='ltr'>Chri-</span> 
     </span>
     <span class='ocr_line' id='line_1_25' title="bbox 378 3038 1513 3124; baseline 0.009 -25"><span class='ocrx_word' id='word_1_202' title='bbox 378 3038 474 3115; x_wconf 89' lang='lat' dir='ltr'>stum,</span> <span class='ocrx_word' id='word_1_203' title='bbox 490 3038 627 3121; x_wconf 86' lang='lat' dir='ltr'>accipere</span> <span class='ocrx_word' id='word_1_204' title='bbox 642 3039 745 3121; x_wconf 90' lang='lat' dir='ltr'>potuit</span> <span class='ocrx_word' id='word_1_205' title='bbox 761 3042 792 3105; x_wconf 88' lang='grc' dir='ltr'>ιι</span> <span class='ocrx_word' id='word_1_206' title='bbox 807 3040 955 3123; x_wconf 90' lang='lat' dir='ltr'>spiritum</span> <span class='ocrx_word' id='word_1_207' title='bbox 970 3044 1123 3119; x_wconf 88' lang='lat' dir='ltr'>sanctum,</span> <span class='ocrx_word' id='word_1_208' title='bbox 1147 3041 1202 3124; x_wconf 89' lang='lat' dir='ltr'>qui</span> <span class='ocrx_word' id='word_1_209' title='bbox 1217 3060 1235 3106; x_wconf 92' lang='lat' dir='ltr'>a</span> <span class='ocrx_word' id='word_1_210' title='bbox 1251 3040 1379 3107; x_wconf 85' lang='lat' dir='ltr'>Christo</span> <span class='ocrx_word' id='word_1_211' title='bbox 1395 3045 1513 3109; x_wconf 79' lang='lat' dir='ltr'>missus</span> 
     </span>
     <span class='ocr_line' id='line_1_26' title="bbox 379 3139 1536 3227; baseline 0.012 -26"><span class='ocrx_word' id='word_1_212' title='bbox 379 3139 435 3216; x_wconf 90' lang='lat' dir='ltr'>est,</span> <span class='ocrx_word' id='word_1_213' title='bbox 456 3142 487 3204; x_wconf 91' lang='lat' dir='ltr'>et</span> <span class='ocrx_word' id='word_1_214' title='bbox 508 3139 625 3207; x_wconf 83' lang='lat' dir='ltr'>frustra</span> <span class='ocrx_word' id='word_1_215' title='bbox 646 3142 695 3207; x_wconf 91' lang='lat' dir='ltr'>illi</span> <span class='ocrx_word' id='word_1_216' title='bbox 716 3144 854 3209; x_wconf 91' lang='lat' dir='ltr'>uenienti</span> <span class='ocrx_word' id='word_1_217' title='bbox 869 3143 908 3209; x_wconf 88' lang='lat' dir='ltr'>ad</span> <span class='ocrx_word' id='word_1_218' title='bbox 923 3145 1138 3227; x_wconf 84' lang='lat' dir='ltr'>accipiendum</span> <span class='ocrx_word' id='word_1_219' title='bbox 1158 3145 1309 3226; x_wconf 85' lang='lat' dir='ltr'>spiritum</span> <span class='ocrx_word' id='word_1_220' title='bbox 1328 3166 1446 3213; x_wconf 88' lang='lat' dir='ltr'>manus</span> <span class='ocrx_word' id='word_1_221' title='bbox 1460 3150 1536 3215; x_wconf 75' lang='lat' dir='ltr'>ins</span> 
     </span>
     <span class='ocr_line' id='line_1_27' title="bbox 376 3242 1512 3332; baseline 0.011 -27"><span class='ocrx_word' id='word_1_222' title='bbox 376 3242 516 3325; x_wconf 89' lang='lat' dir='ltr'>ponitur:</span> <span class='ocrx_word' id='word_1_223' title='bbox 539 3244 601 3311; x_wconf 91' lang='lat' dir='ltr'>nisi</span> <span class='ocrx_word' id='word_1_224' title='bbox 622 3246 649 3310; x_wconf 88' lang='lat' dir='ltr'>si</span> <span class='ocrx_word' id='word_1_225' title='bbox 665 3264 683 3310; x_wconf 90' lang='lat' dir='ltr'>a</span> <span class='ocrx_word' id='word_1_226' title='bbox 698 3244 821 3311; x_wconf 81' lang='lat' dir='ltr'>Christo</span> <span class='ocrx_word' id='word_1_227' title='bbox 842 3248 988 3330; x_wconf 90' lang='lat' dir='ltr'>spiritum</span> <span class='ocrx_word' id='word_1_228' title='bbox 1009 3247 1157 3312; x_wconf 89' lang='lat' dir='ltr'>diuidunt</span> <span class='ocrx_word' id='word_1_229' title='bbox 1177 3250 1216 3311; x_wconf 89' lang='lat' dir='ltr'>ut</span> <span class='ocrx_word' id='word_1_230' title='bbox 1228 3250 1316 3332; x_wconf 87' lang='lat' dir='ltr'>apud</span> <span class='ocrx_word' id='word_1_231' title='bbox 1334 3249 1512 3318; x_wconf 83' lang='lat' dir='ltr'>haereticos</span> 
     </span>
     <span class='ocr_line' id='line_1_28' title="bbox 376 3344 1363 3432; baseline 0.012 -25"><span class='ocrx_word' id='word_1_232' title='bbox 376 3344 418 3409; x_wconf 90' lang='lat' dir='ltr'>sit</span> <span class='ocrx_word' id='word_1_233' title='bbox 433 3345 558 3428; x_wconf 85' lang='lat' dir='ltr'>quidem</span> <span class='ocrx_word' id='word_1_234' title='bbox 574 3346 724 3426; x_wconf 82' lang='lat' dir='ltr'>Christus,</span> <span class='ocrx_word' id='word_1_235' title='bbox 741 3368 802 3415; x_wconf 90' lang='lat' dir='ltr'>non</span> <span class='ocrx_word' id='word_1_236' title='bbox 817 3350 861 3415; x_wconf 89' lang='lat' dir='ltr'>sit</span> <span class='ocrx_word' id='word_1_237' title='bbox 875 3352 981 3415; x_wconf 88' lang='lat' dir='ltr'>autem</span> <span class='ocrx_word' id='word_1_238' title='bbox 996 3350 1064 3415; x_wconf 91' lang='lat' dir='ltr'>illio</span> <span class='ocrx_word' id='word_1_239' title='bbox 1078 3350 1208 3432; x_wconf 90' lang='lat' dir='ltr'>spiritus</span> <span class='ocrx_word' id='word_1_240' title='bbox 1223 3355 1363 3418; x_wconf 79' lang='lat' dir='ltr'>sanctus</span> 
     </span>
    </p>
   </div>
   <div class='ocr_carea' id='block_1_3' title="bbox 481 3600 700 3665">
    <p class='ocr_par' dir='ltr' id='par_1_5' title="bbox 481 3600 700 3665">
     <span class='ocr_line' id='line_1_29' title="bbox 481 3600 700 3665; baseline 0 -12"><span class='ocrx_word' id='word_1_241' title='bbox 481 3600 515 3653; x_wconf 82' lang='lat'>21</span> <span class='ocrx_word' id='word_1_242' title='bbox 534 3600 593 3655; x_wconf 83' lang='lat' dir='ltr'>Gal.</span> <span class='ocrx_word' id='word_1_243' title='bbox 612 3602 637 3665; x_wconf 90' lang='lat'>3,</span> <span class='ocrx_word' id='word_1_244' title='bbox 656 3600 700 3659; x_wconf 78' lang='lat'>27.</span> 
     </span>
    </p>
   </div>
   <div class='ocr_carea' id='block_1_4' title="bbox 374 3842 1514 4529">
    <p class='ocr_par' dir='ltr' id='par_1_6' title="bbox 374 3842 1514 4529">
     <span class='ocr_line' id='line_1_30' title="bbox 427 3842 1484 3919; baseline 0.01 -24"><span class='ocrx_word' id='word_1_245' title='bbox 427 3843 443 3895; x_wconf 93' lang='grc'>1</span> <span class='ocrx_word' id='word_1_246' title='bbox 455 3842 557 3897; x_wconf 84' lang='lat' dir='ltr'>multas</span> <span class='ocrx_word' id='word_1_247' title='bbox 569 3844 587 3896; x_wconf 92' lang='lat'><em>1</em></span> <span class='ocrx_word' id='word_1_248' title='bbox 664 3843 834 3915; x_wconf 88' lang='lat' dir='ltr'>moliebatur]</span> <span class='ocrx_word' id='word_1_249' title='bbox 847 3846 1006 3901; x_wconf 85' lang='lat' dir='ltr'>mouebatur</span> <span class='ocrx_word' id='word_1_250' title='bbox 1019 3846 1090 3917; x_wconf 80' lang='lat' dir='ltr'>1er</span> <span class='ocrx_word' id='word_1_251' title='bbox 1170 3848 1189 3901; x_wconf 87' lang='lat'><strong>3</strong></span> <span class='ocrx_word' id='word_1_252' title='bbox 1200 3849 1309 3919; x_wconf 86' lang='lat' dir='ltr'>panem]</span> <span class='ocrx_word' id='word_1_253' title='bbox 1322 3866 1421 3919; x_wconf 84' lang='lat' dir='ltr'>pacem</span> <span class='ocrx_word' id='word_1_254' title='bbox 1433 3853 1484 3907; x_wconf 81' lang='grc' dir='ltr'>ΕΙ</span> 
     </span>
     <span class='ocr_line' id='line_1_31' title="bbox 375 3926 1513 4003; baseline 0.009 -22"><span class='ocrx_word' id='word_1_255' title='bbox 375 3926 394 3981; x_wconf 86' lang='grc'>4</span> <span class='ocrx_word' id='word_1_256' title='bbox 406 3927 472 3997; x_wconf 88' lang='lat' dir='ltr'>sina]</span> <span class='ocrx_word' id='word_1_257' title='bbox 491 3944 544 3983; x_wconf 92' lang='lat' dir='ltr'>non</span> <span class='ocrx_word' id='word_1_258' title='bbox 556 3929 614 3983; x_wconf 85' lang='lat' dir='ltr'>sino</span> <span class='ocrx_word' id='word_1_259' title='bbox 625 3931 693 3984; x_wconf 83' lang='lat' dir='ltr'>occi.</span> <span class='ocrx_word' id='word_1_260' title='bbox 711 3930 799 3986; x_wconf 73' lang='lat' dir='ltr'>Ocea.</span> <span class='ocrx_word' id='word_1_261' title='bbox 806 3952 818 3999; x_wconf 92' lang='lat'>,·</span> <span class='ocrx_word' id='word_1_262' title='bbox 836 3933 894 3986; x_wconf 88' lang='lat' dir='ltr'>siue</span> <span class='ocrx_word' id='word_1_263' title='bbox 904 3935 1102 3987; x_wconf 88' lang='lat' dir='ltr'>sacramentum</span> <span class='ocrx_word' id='word_1_264' title='bbox 1114 3934 1212 3987; x_wconf 86' lang='lat' dir='ltr'>solitae</span> <span class='ocrx_word' id='word_1_265' title='bbox 1223 3936 1392 4003; x_wconf 79' lang='lat' dir='ltr'>precationis</span> <span class='ocrx_word' id='word_1_266' title='bbox 1405 3938 1513 3992; x_wconf 79' lang='lat' dir='ltr'>offerret</span> 
     </span>
     <span class='ocr_line' id='line_1_32' title="bbox 376 4013 1513 4094; baseline 0.01 -26"><span class='ocrx_word' id='word_1_267' title='bbox 376 4013 446 4067; x_wconf 75' lang='lat' dir='ltr'>eoos</span> <span class='ocrx_word' id='word_1_268' title='bbox 460 4014 603 4085; x_wconf 74' lang='lat' dir='ltr'>Ripaltiaa</span> <span class='ocrx_word' id='word_1_269' title='bbox 696 4018 828 4072; x_wconf 69' lang='lat' dir='ltr'>amicata</span> <span class='ocrx_word' id='word_1_270' title='bbox 838 4019 911 4089; x_wconf 58' lang='grc' dir='ltr'>ΜΨ</span> <span class='ocrx_word' id='word_1_271' title='bbox 1003 4019 1239 4084; x_wconf 77' lang='lat' dir='ltr'>duichianilo</span> <span class='ocrx_word' id='word_1_272' title='bbox 1334 4023 1513 4094; x_wconf 78' lang='lat' dir='ltr'>13ubi1ubi·</span> 
     </span>
     <span class='ocr_line' id='line_1_33' title="bbox 375 4097 1483 4178; baseline 0.014 -27"><span class='ocrx_word' id='word_1_273' title='bbox 375 4097 419 4151; x_wconf 88' lang='lat' dir='ltr'>uis</span> <span class='ocrx_word' id='word_1_274' title='bbox 428 4098 479 4153; x_wconf 82' lang='lat' dir='ltr'>EI</span> <span class='ocrx_word' id='word_1_275' title='bbox 544 4102 578 4156; x_wconf 88' lang='lat'>14</span> <span class='ocrx_word' id='word_1_276' title='bbox 586 4102 695 4157; x_wconf 89' lang='lat' dir='ltr'>demone</span> <span class='ocrx_word' id='word_1_277' title='bbox 705 4103 777 4173; x_wconf 67' lang='grc' dir='ltr'>1110ι</span> <span class='ocrx_word' id='word_1_278' title='bbox 847 4106 881 4159; x_wconf 85' lang='grc'>15</span> <span class='ocrx_word' id='word_1_279' title='bbox 893 4105 1057 4161; x_wconf 86' lang='lat' dir='ltr'>contendunt</span> <span class='ocrx_word' id='word_1_280' title='bbox 1067 4105 1093 4171; x_wconf 86' lang='lat'>1,</span> <span class='ocrx_word' id='word_1_281' title='bbox 1107 4108 1283 4162; x_wconf 84' lang='lat' dir='ltr'>contemnunt</span> <span class='ocrx_word' id='word_1_282' title='bbox 1291 4108 1348 4178; x_wconf 75' lang='lat' dir='ltr'>EQ</span> <span class='ocrx_word' id='word_1_283' title='bbox 1359 4116 1390 4164; x_wconf 76' lang='lat' dir='ltr'>ct</span> <span class='ocrx_word' id='word_1_284' title='bbox 1400 4128 1424 4165; x_wconf 68' lang='lat' dir='ltr'>a</span> <span class='ocrx_word' id='word_1_285' title='bbox 1433 4112 1483 4166; x_wconf 80' lang='lat' dir='ltr'>r1</span> 
     </span>
     <span class='ocr_line' id='line_1_34' title="bbox 375 4182 1512 4269; baseline 0.013 -33"><span class='ocrx_word' id='word_1_286' title='bbox 375 4182 409 4236; x_wconf 87' lang='grc'>16</span> <span class='ocrx_word' id='word_1_287' title='bbox 421 4182 555 4253; x_wconf 87' lang='lat' dir='ltr'>baptisma</span> <span class='ocrx_word' id='word_1_288' title='bbox 568 4186 603 4244; x_wconf 85' lang='lat' dir='ltr'>Io</span> <span class='ocrx_word' id='word_1_289' title='bbox 706 4189 833 4244; x_wconf 85' lang='lat' dir='ltr'>deserunt</span> <span class='ocrx_word' id='word_1_290' title='bbox 844 4191 875 4244; x_wconf 85' lang='lat' dir='ltr'><strong><em>E</em></strong></span> <span class='ocrx_word' id='word_1_291' title='bbox 883 4197 909 4245; x_wconf 85' lang='lat' dir='ltr'>ct</span> <span class='ocrx_word' id='word_1_292' title='bbox 919 4208 941 4246; x_wconf 87' lang='lat' dir='ltr'>a.</span> <span class='ocrx_word' id='word_1_293' title='bbox 954 4193 971 4246; x_wconf 85' lang='grc'>1.</span> <span class='ocrx_word' id='word_1_294' title='bbox 986 4193 1011 4262; x_wconf 84' lang='grc' dir='ltr'>Ι,</span> <span class='ocrx_word' id='word_1_295' title='bbox 1024 4191 1170 4246; x_wconf 77' lang='lat' dir='ltr'>detendunt</span> <span class='ocrx_word' id='word_1_296' title='bbox 1182 4194 1216 4247; x_wconf 87' lang='lat' dir='ltr'>Ic</span> <span class='ocrx_word' id='word_1_297' title='bbox 1327 4194 1360 4248; x_wconf 83' lang='lat' dir='ltr'>l‘l</span> <span class='ocrx_word' id='word_1_298' title='bbox 1374 4212 1453 4252; x_wconf 82' lang='lat' dir='ltr'>error</span> <span class='ocrx_word' id='word_1_299' title='bbox 1464 4200 1512 4269; x_wconf 83' lang='lat' dir='ltr'>cst]</span> 
     </span>
     <span class='ocr_line' id='line_1_35' title="bbox 375 4262 1513 4347; baseline 0.017 -27"><span class='ocrx_word' id='word_1_300' title='bbox 375 4282 487 4323; x_wconf 87' lang='lat' dir='ltr'>errorem</span> <span class='ocrx_word' id='word_1_301' title='bbox 500 4272 538 4325; x_wconf 87' lang='lat' dir='ltr'><em>M</em></span> <span class='ocrx_word' id='word_1_302' title='bbox 539 4272 574 4343; x_wconf 70' lang='lat'>0¹</span> <span class='ocrx_word' id='word_1_303' title='bbox 682 4277 717 4331; x_wconf 85' lang='lat'>18</span> <span class='ocrx_word' id='word_1_304' title='bbox 728 4276 801 4346; x_wconf 88' lang='lat' dir='ltr'>illos]</span> <span class='ocrx_word' id='word_1_305' title='bbox 813 4276 883 4330; x_wconf 90' lang='lat' dir='ltr'>illud</span> <span class='ocrx_word' id='word_1_306' title='bbox 895 4277 958 4332; x_wconf 82' lang='lat' dir='ltr'>illoc</span> <span class='ocrx_word' id='word_1_307' title='bbox 969 4278 1001 4333; x_wconf 83' lang='grc' dir='ltr'><em>Ε</em></span> <span class='ocrx_word' id='word_1_308' title='bbox 1101 4262 1253 4347; x_wconf 60' lang='grc' dir='ltr'>ιρῖιᾶἿι</span> <span class='ocrx_word' id='word_1_309' title='bbox 1362 4282 1403 4336; x_wconf 74' lang='grc'>21)</span> <span class='ocrx_word' id='word_1_310' title='bbox 1415 4286 1513 4339; x_wconf 82' lang='lat' dir='ltr'>sancti·</span> 
     </span>
     <span class='ocr_line' id='line_1_36' title="bbox 374 4354 1514 4435; baseline 0.019 -30"><span class='ocrx_word' id='word_1_311' title='bbox 374 4354 491 4409; x_wconf 89' lang='lat' dir='ltr'>moniam</span> <span class='ocrx_word' id='word_1_312' title='bbox 504 4358 537 4413; x_wconf 87' lang='lat' dir='ltr'>Ic</span> <span class='ocrx_word' id='word_1_313' title='bbox 648 4361 680 4415; x_wconf 81' lang='lat'>21</span> <span class='ocrx_word' id='word_1_314' title='bbox 695 4362 835 4431; x_wconf 89' lang='lat' dir='ltr'>quodquod</span> <span class='ocrx_word' id='word_1_315' title='bbox 847 4362 921 4435; x_wconf 56' lang='grc' dir='ltr'>ΜΨ</span> <span class='ocrx_word' id='word_1_316' title='bbox 1033 4365 1067 4419; x_wconf 80' lang='grc'>26</span> <span class='ocrx_word' id='word_1_317' title='bbox 1081 4364 1210 4419; x_wconf 91' lang='lat' dir='ltr'>diuidunt</span> <span class='ocrx_word' id='word_1_318' title='bbox 1224 4365 1257 4435; x_wconf 74' lang='lat' dir='ltr'>Q,</span> <span class='ocrx_word' id='word_1_319' title='bbox 1269 4365 1365 4421; x_wconf 90' lang='lat' dir='ltr'>induit</span> <span class='ocrx_word' id='word_1_320' title='bbox 1376 4368 1454 4434; x_wconf 72' lang='lat' dir='ltr'>Ele,</span> <span class='ocrx_word' id='word_1_321' title='bbox 1465 4388 1514 4426; x_wconf 89' lang='lat' dir='ltr'>non</span> 
     </span>
     <span class='ocr_line' id='line_1_37' title="bbox 374 4438 1484 4529; baseline 0.017 -36"><span class='ocrx_word' id='word_1_322' title='bbox 374 4438 465 4495; x_wconf 88' lang='lat' dir='ltr'>induit</span> <span class='ocrx_word' id='word_1_323' title='bbox 481 4445 551 4499; x_wconf 79' lang='lat' dir='ltr'>coci.</span> <span class='ocrx_word' id='word_1_324' title='bbox 569 4446 714 4516; x_wconf 70' lang='lat' dir='ltr'>Cauchius,</span> <span class='ocrx_word' id='word_1_325' title='bbox 732 4465 786 4504; x_wconf 87' lang='lat' dir='ltr'>non</span> <span class='ocrx_word' id='word_1_326' title='bbox 803 4448 879 4504; x_wconf 92' lang='lat' dir='ltr'>ducit</span> <span class='ocrx_word' id='word_1_327' title='bbox 891 4451 961 4505; x_wconf 82' lang='lat' dir='ltr'>coni.</span> <span class='ocrx_word' id='word_1_328' title='bbox 975 4452 1069 4507; x_wconf 78' lang='lat' dir='ltr'>Boatb</span> <span class='ocrx_word' id='word_1_329' title='bbox 1225 4452 1260 4506; x_wconf 75' lang='grc'>21</span> <span class='ocrx_word' id='word_1_330' title='bbox 1274 4453 1337 4507; x_wconf 89' lang='lat' dir='ltr'>illic</span> <span class='ocrx_word' id='word_1_331' title='bbox 1348 4458 1447 4511; x_wconf 84' lang='lat' dir='ltr'>autem</span> <span class='ocrx_word' id='word_1_332' title='bbox 1460 4458 1484 4529; x_wconf 72' lang='lat' dir='ltr'><em>Q</em></span> 
     </span>
    </p>
   </div>
   <div class='ocr_carea' id='block_1_5' title="bbox 0 0 1626 5159">
    <p class='ocr_par' dir='ltr' id='par_1_7' title="bbox 0 0 1626 5159">
     <span class='ocr_line' id='line_1_38' title="bbox 0 0 1626 5159; baseline 0 1"><span class='ocrx_word' id='word_1_333' title='bbox 0 0 1626 5159; x_wconf 95' lang='lat' dir='ltr'> </span> 
     </span>
    </p>
   </div>
  </div>
 </body>
</html>
