<?xml version="1.0" encoding="UTF-8"?>
<!DOCTYPE html PUBLIC "-//W3C//DTD XHTML 1.0 Transitional//EN"
    "http://www.w3.org/TR/xhtml1/DTD/xhtml1-transitional.dtd">
<html xmlns="http://www.w3.org/1999/xhtml" xml:lang="en" lang="en">
 <head>
  <title>
</title>
<meta http-equiv="Content-Type" content="text/html;charset=utf-8" />
  <meta name='ocr-system' content='tesseract 3.04.00' />
  <meta name='ocr-capabilities' content='ocr_page ocr_carea ocr_par ocr_line ocrx_word'/>
</head>
<body>
  <div class='ocr_page' id='page_1' title='image "./corpusscriptoru04wiengoog/corpusscriptoru04wiengoog_0760.png"; bbox 0 0 3242 5159; ppageno 0'>
   <div class='ocr_carea' id='block_1_1' title="bbox 333 505 1057 580">
    <p class='ocr_par' dir='ltr' id='par_1_1' title="bbox 333 505 1057 580">
     <span class='ocr_line' id='line_1_1' title="bbox 333 505 1057 580; baseline -0.028 -1"><span class='ocrx_word' id='word_1_1' title='bbox 333 513 395 580; x_wconf 70' lang='grc'>726</span> <span class='ocrx_word' id='word_1_2' title='bbox 730 508 876 564; x_wconf 77' lang='lat' dir='ltr'>Caecilii</span> <span class='ocrx_word' id='word_1_3' title='bbox 894 505 1057 577; x_wconf 77' lang='lat' dir='ltr'>Cypriani</span> 
     </span>
    </p>
   </div>
   <div class='ocr_carea' id='block_1_2' title="bbox 332 661 1495 1262">
    <p class='ocr_par' dir='ltr' id='par_1_2' title="bbox 332 661 1495 1262">
     <span class='ocr_line' id='line_1_2' title="bbox 332 661 1473 750; baseline -0.005 -18"><span class='ocrx_word' id='word_1_4' title='bbox 332 667 508 750; x_wconf 88' lang='lat' dir='ltr'>desperatos</span> <span class='ocrx_word' id='word_1_5' title='bbox 523 668 555 732; x_wconf 94' lang='lat' dir='ltr'>et</span> <span class='ocrx_word' id='word_1_6' title='bbox 568 666 705 749; x_wconf 87' lang='lat' dir='ltr'>perditos</span> <span class='ocrx_word' id='word_1_7' title='bbox 724 667 849 731; x_wconf 89' lang='lat' dir='ltr'>secutus</span> <span class='ocrx_word' id='word_1_8' title='bbox 869 665 973 742; x_wconf 73' lang='lat' dir='ltr'>inerit</span> <span class='ocrx_word' id='word_1_9' title='bbox 995 664 1057 730; x_wconf 86' lang='lat' dir='ltr'>sibi</span> <span class='ocrx_word' id='word_1_10' title='bbox 1075 662 1236 747; x_wconf 79' lang='lat' dir='ltr'>imputabit</span> <span class='ocrx_word' id='word_1_11' title='bbox 1256 680 1329 728; x_wconf 89' lang='lat' dir='ltr'>cum</span> <span class='ocrx_word' id='word_1_12' title='bbox 1350 661 1473 727; x_wconf 89' lang='lat' dir='ltr'>iudicii</span> 
     </span>
     <span class='ocr_line' id='line_1_3' title="bbox 333 765 1472 851; baseline -0.004 -17"><span class='ocrx_word' id='word_1_13' title='bbox 333 769 398 834; x_wconf 89' lang='lat' dir='ltr'>dies</span> <span class='ocrx_word' id='word_1_14' title='bbox 414 769 541 834; x_wconf 87' lang='lat' dir='ltr'>uenerit.</span> <span class='ocrx_word' id='word_1_15' title='bbox 557 768 708 850; x_wconf 89' lang='lat' dir='ltr'>quomodo</span> <span class='ocrx_word' id='word_1_16' title='bbox 723 769 805 834; x_wconf 88' lang='lat' dir='ltr'>enim</span> <span class='ocrx_word' id='word_1_17' title='bbox 821 768 978 851; x_wconf 87' lang='lat' dir='ltr'>deprecari</span> <span class='ocrx_word' id='word_1_18' title='bbox 990 767 1023 834; x_wconf 93' lang='lat' dir='ltr'>in</span> <span class='ocrx_word' id='word_1_19' title='bbox 1034 767 1086 832; x_wconf 89' lang='lat' dir='ltr'>die</span> <span class='ocrx_word' id='word_1_20' title='bbox 1096 767 1153 832; x_wconf 92' lang='lat' dir='ltr'>illo</span> <span class='ocrx_word' id='word_1_21' title='bbox 1162 766 1331 832; x_wconf 88' lang='lat' dir='ltr'>Dominum</span> <span class='ocrx_word' id='word_1_22' title='bbox 1342 765 1472 848; x_wconf 87' lang='lat' dir='ltr'>poterit</span> 
     </span>
     <span class='ocr_line' id='line_1_4' title="bbox 332 867 1472 953; baseline -0.004 -17"><span class='ocrx_word' id='word_1_23' title='bbox 332 873 385 953; x_wconf 89' lang='lat' dir='ltr'>qui</span> <span class='ocrx_word' id='word_1_24' title='bbox 400 875 432 936; x_wconf 93' lang='lat' dir='ltr'>et</span> <span class='ocrx_word' id='word_1_25' title='bbox 447 873 518 937; x_wconf 87' lang='lat' dir='ltr'>ante</span> <span class='ocrx_word' id='word_1_26' title='bbox 533 871 590 936; x_wconf 87' lang='lat' dir='ltr'>hoc</span> <span class='ocrx_word' id='word_1_27' title='bbox 605 870 763 938; x_wconf 73' lang='lat' dir='ltr'><strong>Christum</strong></span> <span class='ocrx_word' id='word_1_28' title='bbox 778 873 810 937; x_wconf 88' lang='lat' dir='ltr'>et</span> <span class='ocrx_word' id='word_1_29' title='bbox 825 891 906 936; x_wconf 89' lang='lat' dir='ltr'>nunc</span> <span class='ocrx_word' id='word_1_30' title='bbox 921 888 1041 953; x_wconf 90' lang='lat' dir='ltr'>quoque</span> <span class='ocrx_word' id='word_1_31' title='bbox 1056 870 1220 936; x_wconf 85' lang='lat' dir='ltr'>ecclesiam</span> <span class='ocrx_word' id='word_1_32' title='bbox 1232 867 1350 934; x_wconf 86' lang='lat' dir='ltr'>Christi</span> <span class='ocrx_word' id='word_1_33' title='bbox 1363 885 1472 952; x_wconf 85' lang='lat' dir='ltr'>nega-</span> 
     </span>
     <span class='ocr_line' id='line_1_5' title="bbox 333 972 1471 1057; baseline -0.004 -18"><span class='ocrx_word' id='word_1_34' title='bbox 333 975 380 1039; x_wconf 91' lang='lat' dir='ltr'>uit</span> <span class='ocrx_word' id='word_1_35' title='bbox 399 976 431 1039; x_wconf 89' lang='lat' dir='ltr'>et</span> <span class='ocrx_word' id='word_1_36' title='bbox 450 974 599 1057; x_wconf 89' lang='lat' dir='ltr'>episcopis</span> <span class='ocrx_word' id='word_1_37' title='bbox 620 975 704 1040; x_wconf 87' lang='lat' dir='ltr'>senis</span> <span class='ocrx_word' id='word_1_38' title='bbox 725 977 757 1040; x_wconf 88' lang='lat' dir='ltr'>et</span> <span class='ocrx_word' id='word_1_39' title='bbox 770 974 901 1057; x_wconf 85' lang='lat' dir='ltr'>integris</span> <span class='ocrx_word' id='word_1_40' title='bbox 916 975 948 1038; x_wconf 89' lang='lat' dir='ltr'>et</span> <span class='ocrx_word' id='word_1_41' title='bbox 962 973 1142 1039; x_wconf 88' lang='lat' dir='ltr'>uiuentibus</span> <span class='ocrx_word' id='word_1_42' title='bbox 1162 989 1222 1038; x_wconf 88' lang='lat' dir='ltr'>uon</span> <span class='ocrx_word' id='word_1_43' title='bbox 1242 972 1471 1052; x_wconf 80' lang='lat' dir='ltr'>obtemperans</span> 
     </span>
     <span class='ocr_line' id='line_1_6' title="bbox 332 1072 1495 1159; baseline -0.003 -17"><span class='ocrx_word' id='word_1_44' title='bbox 332 1079 477 1142; x_wconf 90' lang='lat' dir='ltr'>comitem</span> <span class='ocrx_word' id='word_1_45' title='bbox 489 1097 521 1142; x_wconf 91' lang='lat' dir='ltr'>se</span> <span class='ocrx_word' id='word_1_46' title='bbox 536 1079 567 1142; x_wconf 92' lang='lat' dir='ltr'>et</span> <span class='ocrx_word' id='word_1_47' title='bbox 581 1077 764 1159; x_wconf 79' lang='lat' dir='ltr'>participem</span> <span class='ocrx_word' id='word_1_48' title='bbox 779 1077 982 1144; x_wconf 87' lang='lat' dir='ltr'>morientibus</span> <span class='ocrx_word' id='word_1_49' title='bbox 997 1076 1162 1159; x_wconf 76' lang='lat' dir='ltr'>praebuit?</span> <span class='ocrx_word' id='word_1_50' title='bbox 1177 1077 1249 1159; x_wconf 90' lang='lat' dir='ltr'>opto</span> <span class='ocrx_word' id='word_1_51' title='bbox 1264 1092 1331 1158; x_wconf 89' lang='lat' dir='ltr'>uos,</span> <span class='ocrx_word' id='word_1_52' title='bbox 1346 1072 1495 1139; x_wconf 72' lang='lat' dir='ltr'>fratreas</span> 
     </span>
     <span class='ocr_line' id='line_1_7' title="bbox 332 1180 851 1262; baseline 0 -18"><span class='ocrx_word' id='word_1_53' title='bbox 332 1180 495 1258; x_wconf 78' lang='lat' dir='ltr'>carissimi,</span> <span class='ocrx_word' id='word_1_54' title='bbox 511 1198 631 1262; x_wconf 92' lang='lat' dir='ltr'>semper</span> <span class='ocrx_word' id='word_1_55' title='bbox 646 1180 722 1245; x_wconf 91' lang='lat' dir='ltr'>bene</span> <span class='ocrx_word' id='word_1_56' title='bbox 737 1180 851 1246; x_wconf 86' lang='lat' dir='ltr'>ualere.</span> 
     </span>
    </p>
   </div>
   <div class='ocr_carea' id='block_1_3' title="bbox 589 1468 1206 1580">
    <p class='ocr_par' dir='ltr' id='par_1_3' title="bbox 589 1468 1206 1580">
     <span class='ocr_line' id='line_1_8' title="bbox 589 1468 1206 1580; baseline 0.002 -2"><span class='ocrx_word' id='word_1_57' title='bbox 589 1468 976 1580; x_wconf 81' lang='lat' dir='ltr'><strong>EPISTVLA</strong></span> <span class='ocrx_word' id='word_1_58' title='bbox 1011 1468 1206 1580; x_wconf 85' lang='lat' dir='ltr'><strong>LXVI.</strong></span> 
     </span>
    </p>
   </div>
   <div class='ocr_carea' id='block_1_4' title="bbox 334 1650 1467 1832">
    <p class='ocr_par' dir='ltr' id='par_1_4' title="bbox 334 1650 1467 1832">
     <span class='ocr_line' id='line_1_9' title="bbox 334 1650 1467 1758; baseline -0.003 -12"><span class='ocrx_word' id='word_1_59' title='bbox 334 1650 535 1746; x_wconf 67' lang='lat' dir='ltr'>CYPRLANES</span> <span class='ocrx_word' id='word_1_60' title='bbox 559 1690 622 1758; x_wconf 82' lang='lat' dir='ltr'>QVI</span> <span class='ocrx_word' id='word_1_61' title='bbox 645 1690 690 1744; x_wconf 81' lang='lat' dir='ltr'>ET</span> <span class='ocrx_word' id='word_1_62' title='bbox 715 1690 890 1748; x_wconf 70' lang='lat' dir='ltr'>macros</span> <span class='ocrx_word' id='word_1_63' title='bbox 912 1690 1118 1747; x_wconf 80' lang='lat' dir='ltr'>FLORENEIO</span> <span class='ocrx_word' id='word_1_64' title='bbox 1135 1689 1195 1746; x_wconf 82' lang='lat' dir='ltr'>CVI</span> <span class='ocrx_word' id='word_1_65' title='bbox 1212 1689 1257 1744; x_wconf 79' lang='lat' dir='ltr'>ET</span> <span class='ocrx_word' id='word_1_66' title='bbox 1274 1688 1467 1744; x_wconf 74' lang='lat' dir='ltr'>PVPPIANO</span> 
     </span>
     <span class='ocr_line' id='line_1_10' title="bbox 805 1777 982 1832; baseline -0.006 0"><span class='ocrx_word' id='word_1_67' title='bbox 805 1777 939 1832; x_wconf 80' lang='lat' dir='ltr'><strong>FRATRI</strong></span> <span class='ocrx_word' id='word_1_68' title='bbox 957 1778 982 1831; x_wconf 85' lang='lat' dir='ltr'>S.</span> 
     </span>
    </p>
   </div>
   <div class='ocr_carea' id='block_1_5' title="bbox 304 1981 1503 2478">
    <p class='ocr_par' dir='ltr' id='par_1_5' title="bbox 304 1981 1503 2478">
     <span class='ocr_line' id='line_1_11' title="bbox 304 1981 1503 2068; baseline 0.003 -20"><span class='ocrx_word' id='word_1_69' title='bbox 304 2000 318 2062; x_wconf 84' lang='lat'>1</span> <span class='ocrx_word' id='word_1_70' title='bbox 375 1983 441 2068; x_wconf 85' lang='lat' dir='ltr'>Ego</span> <span class='ocrx_word' id='word_1_71' title='bbox 456 1984 498 2060; x_wconf 84' lang='lat' dir='ltr'>to,</span> <span class='ocrx_word' id='word_1_72' title='bbox 513 1981 618 2062; x_wconf 83' lang='lat' dir='ltr'>irater,</span> <span class='ocrx_word' id='word_1_73' title='bbox 635 1984 827 2050; x_wconf 82' lang='lat' dir='ltr'>credideram</span> <span class='ocrx_word' id='word_1_74' title='bbox 848 1985 975 2050; x_wconf 84' lang='lat' dir='ltr'>tandem</span> <span class='ocrx_word' id='word_1_75' title='bbox 997 1985 1063 2050; x_wconf 86' lang='lat' dir='ltr'>iam</span> <span class='ocrx_word' id='word_1_76' title='bbox 1083 1985 1123 2050; x_wconf 87' lang='lat' dir='ltr'>ad</span> <span class='ocrx_word' id='word_1_77' title='bbox 1139 1984 1364 2068; x_wconf 87' lang='lat' dir='ltr'>paenitentiam</span> <span class='ocrx_word' id='word_1_78' title='bbox 1383 2002 1503 2051; x_wconf 81' lang='lat' dir='ltr'>con-ro</span> 
     </span>
     <span class='ocr_line' id='line_1_12' title="bbox 331 2086 1464 2171; baseline 0.005 -21"><span class='ocrx_word' id='word_1_79' title='bbox 331 2086 421 2164; x_wconf 84' lang='lat' dir='ltr'>uerti,</span> <span class='ocrx_word' id='word_1_80' title='bbox 445 2086 525 2170; x_wconf 88' lang='lat' dir='ltr'>qnod</span> <span class='ocrx_word' id='word_1_81' title='bbox 546 2086 579 2151; x_wconf 93' lang='lat' dir='ltr'>in</span> <span class='ocrx_word' id='word_1_82' title='bbox 599 2088 801 2169; x_wconf 88' lang='lat' dir='ltr'>praetcritum</span> <span class='ocrx_word' id='word_1_83' title='bbox 822 2090 889 2152; x_wconf 85' lang='lat' dir='ltr'>tam</span> <span class='ocrx_word' id='word_1_84' title='bbox 910 2087 1125 2153; x_wconf 86' lang='lat' dir='ltr'>inlaudatam</span> <span class='ocrx_word' id='word_1_85' title='bbox 1147 2087 1252 2171; x_wconf 90' lang='lat' dir='ltr'>turpia</span> <span class='ocrx_word' id='word_1_86' title='bbox 1271 2091 1339 2154; x_wconf 90' lang='lat' dir='ltr'>tam</span> <span class='ocrx_word' id='word_1_87' title='bbox 1360 2089 1464 2156; x_wconf 76' lang='lat' dir='ltr'>etiarn</span> 
     </span>
     <span class='ocr_line' id='line_1_13' title="bbox 331 2189 1461 2274; baseline 0.004 -20"><span class='ocrx_word' id='word_1_88' title='bbox 331 2189 501 2274; x_wconf 85' lang='lat' dir='ltr'>gentilibus</span> <span class='ocrx_word' id='word_1_89' title='bbox 516 2190 684 2256; x_wconf 86' lang='lat' dir='ltr'>execranda</span> <span class='ocrx_word' id='word_1_90' title='bbox 698 2192 754 2255; x_wconf 87' lang='lat' dir='ltr'>aut</span> <span class='ocrx_word' id='word_1_91' title='bbox 769 2191 907 2257; x_wconf 84' lang='lat' dir='ltr'>audisses</span> <span class='ocrx_word' id='word_1_92' title='bbox 919 2191 956 2256; x_wconf 91' lang='lat' dir='ltr'>de</span> <span class='ocrx_word' id='word_1_93' title='bbox 967 2191 1057 2256; x_wconf 89' lang='lat' dir='ltr'>nobis</span> <span class='ocrx_word' id='word_1_94' title='bbox 1068 2191 1185 2256; x_wconf 91' lang='lat' dir='ltr'>temere</span> <span class='ocrx_word' id='word_1_95' title='bbox 1195 2192 1252 2256; x_wconf 87' lang='lat' dir='ltr'>aut</span> <span class='ocrx_word' id='word_1_96' title='bbox 1263 2191 1461 2258; x_wconf 81' lang='lat' dir='ltr'>credidisses</span> 
     </span>
     <span class='ocr_line' id='line_1_14' title="bbox 331 2292 1462 2374; baseline 0.004 -18"><span class='ocrx_word' id='word_1_97' title='bbox 331 2311 420 2374; x_wconf 91' lang='lat' dir='ltr'>porro</span> <span class='ocrx_word' id='word_1_98' title='bbox 440 2293 544 2358; x_wconf 88' lang='lat' dir='ltr'>autem</span> <span class='ocrx_word' id='word_1_99' title='bbox 565 2292 661 2358; x_wconf 90' lang='lat' dir='ltr'>etiam</span> <span class='ocrx_word' id='word_1_100' title='bbox 682 2313 763 2360; x_wconf 91' lang='lat' dir='ltr'>nune</span> <span class='ocrx_word' id='word_1_101' title='bbox 782 2293 816 2358; x_wconf 88' lang='lat' dir='ltr'>in</span> <span class='ocrx_word' id='word_1_102' title='bbox 830 2293 946 2358; x_wconf 85' lang='lat' dir='ltr'>litteris</span> <span class='ocrx_word' id='word_1_103' title='bbox 961 2295 1026 2360; x_wconf 88' lang='lat' dir='ltr'>tuis</span> <span class='ocrx_word' id='word_1_104' title='bbox 1043 2293 1258 2359; x_wconf 87' lang='lat' dir='ltr'>animaduerto</span> <span class='ocrx_word' id='word_1_105' title='bbox 1275 2294 1411 2360; x_wconf 89' lang='lat' dir='ltr'>eundem</span> <span class='ocrx_word' id='word_1_106' title='bbox 1426 2299 1462 2360; x_wconf 90' lang='lat' dir='ltr'>tc</span> 
     </span>
     <span class='ocr_line' id='line_1_15' title="bbox 331 2395 1460 2478; baseline 0.004 -19"><span class='ocrx_word' id='word_1_107' title='bbox 331 2395 441 2460; x_wconf 88' lang='lat' dir='ltr'>adhue</span> <span class='ocrx_word' id='word_1_108' title='bbox 454 2414 519 2462; x_wconf 90' lang='lat' dir='ltr'>esse</span> <span class='ocrx_word' id='word_1_109' title='bbox 540 2396 592 2478; x_wconf 90' lang='lat' dir='ltr'>qui</span> <span class='ocrx_word' id='word_1_110' title='bbox 613 2396 699 2478; x_wconf 91' lang='lat' dir='ltr'>prius</span> <span class='ocrx_word' id='word_1_111' title='bbox 721 2397 832 2475; x_wconf 85' lang='lat' dir='ltr'>fueras,</span> <span class='ocrx_word' id='word_1_112' title='bbox 852 2399 960 2464; x_wconf 89' lang='lat' dir='ltr'>eadem</span> <span class='ocrx_word' id='word_1_113' title='bbox 985 2400 1017 2463; x_wconf 89' lang='lat' dir='ltr'>te</span> <span class='ocrx_word' id='word_1_114' title='bbox 1033 2399 1071 2464; x_wconf 90' lang='lat' dir='ltr'>de</span> <span class='ocrx_word' id='word_1_115' title='bbox 1084 2397 1173 2462; x_wconf 88' lang='lat' dir='ltr'>nobis</span> <span class='ocrx_word' id='word_1_116' title='bbox 1188 2397 1311 2463; x_wconf 88' lang='lat' dir='ltr'>credero</span> <span class='ocrx_word' id='word_1_117' title='bbox 1325 2399 1358 2462; x_wconf 91' lang='lat' dir='ltr'>et</span> <span class='ocrx_word' id='word_1_118' title='bbox 1372 2398 1408 2462; x_wconf 89' lang='lat' dir='ltr'>in</span> <span class='ocrx_word' id='word_1_119' title='bbox 1423 2415 1460 2464; x_wconf 89' lang='lat' dir='ltr'>eo</span> 
     </span>
    </p>
   </div>
   <div class='ocr_carea' id='block_1_6' title="bbox 331 2497 1610 2583">
    <p class='ocr_par' dir='ltr' id='par_1_6' title="bbox 331 2497 1610 2583">
     <span class='ocr_line' id='line_1_16' title="bbox 331 2497 1610 2583; baseline 0.004 -20"><span class='ocrx_word' id='word_1_120' title='bbox 331 2497 412 2580; x_wconf 90' lang='lat' dir='ltr'>quod</span> <span class='ocrx_word' id='word_1_121' title='bbox 432 2498 599 2564; x_wconf 86' lang='lat' dir='ltr'>credideris</span> <span class='ocrx_word' id='word_1_122' title='bbox 618 2517 813 2580; x_wconf 84' lang='lat' dir='ltr'>perseuerare</span> <span class='ocrx_word' id='word_1_123' title='bbox 833 2502 865 2564; x_wconf 89' lang='lat' dir='ltr'>et</span> <span class='ocrx_word' id='word_1_124' title='bbox 879 2520 917 2565; x_wconf 91' lang='lat' dir='ltr'>ne</span> <span class='ocrx_word' id='word_1_125' title='bbox 931 2500 1011 2566; x_wconf 86' lang='lat' dir='ltr'>forte</span> <span class='ocrx_word' id='word_1_126' title='bbox 1025 2501 1178 2566; x_wconf 77' lang='lat' dir='ltr'>claritatis</span> <span class='ocrx_word' id='word_1_127' title='bbox 1193 2503 1225 2566; x_wconf 91' lang='lat' dir='ltr'>et</span> <span class='ocrx_word' id='word_1_128' title='bbox 1239 2501 1384 2583; x_wconf 77' lang='lat' dir='ltr'>martyrii</span> <span class='ocrx_word' id='word_1_129' title='bbox 1401 2503 1453 2566; x_wconf 88' lang='lat' dir='ltr'>tui</span> <span class='ocrx_word' id='word_1_130' title='bbox 1466 2530 1492 2568; x_wconf 75' lang='lat' dir='ltr'>rs</span> <span class='ocrx_word' id='word_1_131' title='bbox 1609 2530 1610 2535; x_wconf 42' lang='lat'>¹</span> 
     </span>
    </p>
   </div>
   <div class='ocr_carea' id='block_1_7' title="bbox 329 2602 1463 2990">
    <p class='ocr_par' dir='ltr' id='par_1_7' title="bbox 329 2602 1463 2990">
     <span class='ocr_line' id='line_1_17' title="bbox 331 2602 1463 2688; baseline 0 -20"><span class='ocrx_word' id='word_1_132' title='bbox 331 2603 468 2688; x_wconf 84' lang='lat' dir='ltr'>dignitas</span> <span class='ocrx_word' id='word_1_133' title='bbox 487 2603 593 2666; x_wconf 89' lang='lat' dir='ltr'>nostra</span> <span class='ocrx_word' id='word_1_134' title='bbox 612 2603 889 2669; x_wconf 85' lang='lat' dir='ltr'>communicatione</span> <span class='ocrx_word' id='word_1_135' title='bbox 911 2605 1095 2684; x_wconf 85' lang='lat' dir='ltr'>maculetur,</span> <span class='ocrx_word' id='word_1_136' title='bbox 1116 2623 1218 2670; x_wconf 89' lang='lat' dir='ltr'>mores</span> <span class='ocrx_word' id='word_1_137' title='bbox 1237 2607 1359 2669; x_wconf 90' lang='lat' dir='ltr'>nostros</span> <span class='ocrx_word' id='word_1_138' title='bbox 1382 2602 1463 2669; x_wconf 92' lang='lat' dir='ltr'>dili·</span> 
     </span>
     <span class='ocr_line' id='line_1_18' title="bbox 330 2705 1463 2790; baseline 0.002 -20"><span class='ocrx_word' id='word_1_139' title='bbox 330 2708 438 2790; x_wconf 82' lang='lat' dir='ltr'>genter</span> <span class='ocrx_word' id='word_1_140' title='bbox 460 2705 613 2787; x_wconf 86' lang='lat' dir='ltr'>inquirere</span> <span class='ocrx_word' id='word_1_141' title='bbox 636 2708 668 2770; x_wconf 91' lang='lat' dir='ltr'>et</span> <span class='ocrx_word' id='word_1_142' title='bbox 687 2709 757 2788; x_wconf 90' lang='lat' dir='ltr'>post</span> <span class='ocrx_word' id='word_1_143' title='bbox 777 2707 879 2770; x_wconf 90' lang='lat' dir='ltr'>Deum</span> <span class='ocrx_word' id='word_1_144' title='bbox 899 2707 1034 2772; x_wconf 90' lang='lat' dir='ltr'>iudicem</span> <span class='ocrx_word' id='word_1_145' title='bbox 1055 2707 1108 2790; x_wconf 89' lang='lat' dir='ltr'>qui</span> <span class='ocrx_word' id='word_1_146' title='bbox 1131 2707 1304 2772; x_wconf 86' lang='lat' dir='ltr'>sacerdotes</span> <span class='ocrx_word' id='word_1_147' title='bbox 1326 2707 1405 2772; x_wconf 85' lang='lat' dir='ltr'>lacit</span> <span class='ocrx_word' id='word_1_148' title='bbox 1428 2709 1463 2772; x_wconf 89' lang='lat' dir='ltr'>te</span> 
     </span>
     <span class='ocr_line' id='line_1_19' title="bbox 330 2805 1461 2894; baseline 0.003 -23"><span class='ocrx_word' id='word_1_149' title='bbox 330 2807 410 2872; x_wconf 90' lang='lat' dir='ltr'>uelle</span> <span class='ocrx_word' id='word_1_150' title='bbox 431 2825 492 2872; x_wconf 93' lang='lat' dir='ltr'>non</span> <span class='ocrx_word' id='word_1_151' title='bbox 516 2805 616 2871; x_wconf 90' lang='lat' dir='ltr'>dicam</span> <span class='ocrx_word' id='word_1_152' title='bbox 639 2809 676 2872; x_wconf 92' lang='lat' dir='ltr'>de</span> <span class='ocrx_word' id='word_1_153' title='bbox 699 2827 749 2872; x_wconf 90' lang='lat' dir='ltr'>me</span> <span class='ocrx_word' id='word_1_154' title='bbox 771 2845 814 2854; x_wconf 91' lang='lat'>—</span> <span class='ocrx_word' id='word_1_155' title='bbox 836 2810 969 2890; x_wconf 86' lang='lat' dir='ltr'>quantus</span> <span class='ocrx_word' id='word_1_156' title='bbox 991 2809 1075 2874; x_wconf 89' lang='lat' dir='ltr'>enim</span> <span class='ocrx_word' id='word_1_157' title='bbox 1095 2827 1152 2894; x_wconf 85' lang='lat' dir='ltr'>ego</span> <span class='ocrx_word' id='word_1_158' title='bbox 1176 2813 1269 2874; x_wconf 77' lang='lat' dir='ltr'>sum?</span> <span class='ocrx_word' id='word_1_159' title='bbox 1296 2852 1329 2858; x_wconf 92' lang='lat'><em>-</em></span> <span class='ocrx_word' id='word_1_160' title='bbox 1348 2811 1404 2874; x_wconf 89' lang='lat' dir='ltr'>sed</span> <span class='ocrx_word' id='word_1_161' title='bbox 1421 2810 1461 2875; x_wconf 91' lang='lat' dir='ltr'>de</span> 
     </span>
     <span class='ocr_line' id='line_1_20' title="bbox 329 2907 1461 2990; baseline 0.004 -16"><span class='ocrx_word' id='word_1_162' title='bbox 329 2911 387 2975; x_wconf 91' lang='lat' dir='ltr'>Dei</span> <span class='ocrx_word' id='word_1_163' title='bbox 403 2911 434 2974; x_wconf 93' lang='lat' dir='ltr'>et</span> <span class='ocrx_word' id='word_1_164' title='bbox 449 2907 565 2974; x_wconf 81' lang='lat' dir='ltr'>Christi</span> <span class='ocrx_word' id='word_1_165' title='bbox 580 2909 694 2975; x_wconf 90' lang='lat' dir='ltr'>iudicio</span> <span class='ocrx_word' id='word_1_166' title='bbox 710 2911 853 2977; x_wconf 87' lang='lat' dir='ltr'>iudicare.</span> <span class='ocrx_word' id='word_1_167' title='bbox 870 2913 928 2976; x_wconf 92' lang='lat' dir='ltr'>hoc</span> <span class='ocrx_word' id='word_1_168' title='bbox 942 2915 989 2977; x_wconf 89' lang='lat' dir='ltr'>est</span> <span class='ocrx_word' id='word_1_169' title='bbox 1003 2912 1035 2977; x_wconf 94' lang='lat' dir='ltr'>in</span> <span class='ocrx_word' id='word_1_170' title='bbox 1051 2913 1148 2977; x_wconf 90' lang='lat' dir='ltr'>Deum</span> <span class='ocrx_word' id='word_1_171' title='bbox 1169 2931 1229 2977; x_wconf 90' lang='lat' dir='ltr'>non</span> <span class='ocrx_word' id='word_1_172' title='bbox 1244 2914 1376 2990; x_wconf 85' lang='lat' dir='ltr'>credere,</span> <span class='ocrx_word' id='word_1_173' title='bbox 1399 2913 1461 2978; x_wconf 91' lang='lat' dir='ltr'>hoc</span> 
     </span>
    </p>
   </div>
   <div class='ocr_carea' id='block_1_8' title="bbox 240 3134 1466 4496">
    <p class='ocr_par' dir='ltr' id='par_1_8' title="bbox 240 3134 1466 3909">
     <span class='ocr_line' id='line_1_21' title="bbox 383 3134 1466 3221; baseline 0.003 -19"><span class='ocrx_word' id='word_1_174' title='bbox 383 3150 514 3204; x_wconf 62' lang='lat' dir='ltr'>recusos</span> <span class='ocrx_word' id='word_1_175' title='bbox 527 3151 588 3206; x_wconf 76' lang='lat' dir='ltr'>arr</span> <span class='ocrx_word' id='word_1_176' title='bbox 698 3152 877 3221; x_wconf 66' lang='lat' dir='ltr'>reptantis</span> <span class='ocrx_word' id='word_1_177' title='bbox 990 3138 1066 3207; x_wconf 72' lang='lat' dir='ltr'>scir</span> <span class='ocrx_word' id='word_1_178' title='bbox 1079 3134 1218 3217; x_wconf 53' lang='lat' dir='ltr'>roman</span> <span class='ocrx_word' id='word_1_179' title='bbox 1319 3153 1466 3220; x_wconf 74' lang='lat' dir='ltr'>aqursnr</span> 
     </span>
     <span class='ocr_line' id='line_1_22' title="bbox 330 3235 1461 3308; baseline 0.003 -21"><span class='ocrx_word' id='word_1_180' title='bbox 330 3237 388 3302; x_wconf 84' lang='lat' dir='ltr'>(qui</span> <span class='ocrx_word' id='word_1_181' title='bbox 405 3235 437 3304; x_wconf 76' lang='lat' dir='ltr'>Q)</span> <span class='ocrx_word' id='word_1_182' title='bbox 545 3237 758 3307; x_wconf 89' lang='lat' dir='ltr'>antehoc]tunc</span> <span class='ocrx_word' id='word_1_183' title='bbox 771 3237 822 3293; x_wconf 83' lang='lat' dir='ltr'>CB</span> <span class='ocrx_word' id='word_1_184' title='bbox 928 3253 1033 3308; x_wconf 89' lang='lat' dir='ltr'>quoque</span> <span class='ocrx_word' id='word_1_185' title='bbox 1046 3255 1095 3293; x_wconf 76' lang='lat' dir='ltr'>coc</span> <span class='ocrx_word' id='word_1_186' title='bbox 1110 3239 1137 3293; x_wconf 88' lang='lat' dir='ltr'><strong><em>L</em></strong></span> <span class='ocrx_word' id='word_1_187' title='bbox 1244 3237 1461 3308; x_wconf 70' lang='lat' dir='ltr'>ietepiscopis]</span> 
     </span>
     <span class='ocr_line' id='line_1_23' title="bbox 329 3320 1462 3394; baseline 0.004 -21"><span class='ocrx_word' id='word_1_188' title='bbox 329 3320 461 3389; x_wconf 88' lang='lat' dir='ltr'>episcopis</span> <span class='ocrx_word' id='word_1_189' title='bbox 474 3321 496 3376; x_wconf 85' lang='lat' dir='ltr'><em>C</em></span> <span class='ocrx_word' id='word_1_190' title='bbox 589 3322 755 3392; x_wconf 79' lang='lat' dir='ltr'>obtemperat</span> <span class='ocrx_word' id='word_1_191' title='bbox 767 3325 801 3388; x_wconf 85' lang='lat' dir='ltr'>L,</span> <span class='ocrx_word' id='word_1_192' title='bbox 814 3323 1000 3393; x_wconf 85' lang='lat' dir='ltr'>obtemperant</span> <span class='ocrx_word' id='word_1_193' title='bbox 1011 3325 1065 3394; x_wconf 74' lang='lat' dir='ltr'>Pp</span> <span class='ocrx_word' id='word_1_194' title='bbox 1160 3327 1178 3379; x_wconf 79' lang='lat'>5</span> <span class='ocrx_word' id='word_1_195' title='bbox 1190 3325 1317 3378; x_wconf 78' lang='lat' dir='ltr'>comitem</span> <span class='ocrx_word' id='word_1_196' title='bbox 1329 3339 1358 3377; x_wconf 89' lang='lat' dir='ltr'>se</span> <span class='ocrx_word' id='word_1_197' title='bbox 1370 3323 1419 3378; x_wconf 88' lang='lat' dir='ltr'>sed</span> <span class='ocrx_word' id='word_1_198' title='bbox 1431 3327 1462 3378; x_wconf 87' lang='lat' dir='ltr'>et</span> 
     </span>
     <span class='ocr_line' id='line_1_24' title="bbox 330 3407 1460 3479; baseline 0.002 -19"><span class='ocrx_word' id='word_1_199' title='bbox 330 3423 364 3460; x_wconf 75' lang='lat' dir='ltr'>cc·</span> <span class='ocrx_word' id='word_1_200' title='bbox 382 3407 520 3462; x_wconf 86' lang='lat' dir='ltr'>comittere</span> <span class='ocrx_word' id='word_1_201' title='bbox 538 3409 602 3464; x_wconf 71' lang='lat' dir='ltr'>etl)</span> <span class='ocrx_word' id='word_1_202' title='bbox 754 3413 817 3478; x_wconf 90' lang='lat' dir='ltr'>opto</span> <span class='ocrx_word' id='word_1_203' title='bbox 887 3410 977 3464; x_wconf 86' lang='lat' dir='ltr'>ualere</span> <span class='ocrx_word' id='word_1_204' title='bbox 995 3427 1044 3464; x_wconf 82' lang='lat' dir='ltr'>orn.</span> <span class='ocrx_word' id='word_1_205' title='bbox 1057 3411 1114 3475; x_wconf 80' lang='lat' dir='ltr'>GL,</span> <span class='ocrx_word' id='word_1_206' title='bbox 1133 3409 1200 3464; x_wconf 81' lang='lat' dir='ltr'>bena</span> <span class='ocrx_word' id='word_1_207' title='bbox 1217 3411 1308 3464; x_wconf 87' lang='lat' dir='ltr'>ualere</span> <span class='ocrx_word' id='word_1_208' title='bbox 1327 3413 1390 3479; x_wconf 87' lang='lat' dir='ltr'>opto</span> <span class='ocrx_word' id='word_1_209' title='bbox 1409 3425 1460 3463; x_wconf 88' lang='lat' dir='ltr'>uos</span> 
     </span>
     <span class='ocr_line' id='line_1_25' title="bbox 329 3477 1460 3565; baseline 0.001 -18"><span class='ocrx_word' id='word_1_210' title='bbox 329 3477 443 3549; x_wconf 65' lang='lat' dir='ltr'>rss‘uffii</span> <span class='ocrx_word' id='word_1_211' title='bbox 451 3496 594 3564; x_wconf 68' lang='lat' dir='ltr'>semper&gt;</span> <span class='ocrx_word' id='word_1_212' title='bbox 679 3495 851 3564; x_wconf 62' lang='lat' dir='ltr'>carrissimi]</span> <span class='ocrx_word' id='word_1_213' title='bbox 864 3479 927 3548; x_wconf 72' lang='lat' dir='ltr'>nffif</span> <span class='ocrx_word' id='word_1_214' title='bbox 933 3495 1219 3550; x_wconf 60' lang='lat' dir='ltr'>mamistanensem</span> <span class='ocrx_word' id='word_1_215' title='bbox 1236 3495 1277 3565; x_wconf 74' lang='lat' dir='ltr'>ov</span> <span class='ocrx_word' id='word_1_216' title='bbox 1355 3495 1460 3564; x_wconf 68' lang='lat' dir='ltr'>usim]</span> 
     </span>
     <span class='ocr_line' id='line_1_26' title="bbox 329 3579 1460 3651; baseline 0 -17"><span class='ocrx_word' id='word_1_217' title='bbox 329 3581 392 3636; x_wconf 84' lang='lat' dir='ltr'>cdd.</span> <span class='ocrx_word' id='word_1_218' title='bbox 401 3580 476 3651; x_wconf 76' lang='lat' dir='ltr'>MQ:</span> <span class='ocrx_word' id='word_1_219' title='bbox 487 3581 654 3636; x_wconf 82' lang='lat' dir='ltr'>fraternitati</span> <span class='ocrx_word' id='word_1_220' title='bbox 664 3581 781 3635; x_wconf 83' lang='lat' dir='ltr'>sslutete</span> <span class='ocrx_word' id='word_1_221' title='bbox 791 3581 889 3649; x_wconf 86' lang='lat' dir='ltr'>(salute</span> <span class='ocrx_word' id='word_1_222' title='bbox 898 3581 946 3651; x_wconf 69' lang='grc' dir='ltr'>ρ’)</span> <span class='ocrx_word' id='word_1_223' title='bbox 954 3582 1050 3636; x_wconf 89' lang='lat' dir='ltr'>ualete.</span> <span class='ocrx_word' id='word_1_224' title='bbox 1062 3613 1086 3620; x_wconf 98' lang='lat'>-</span> <span class='ocrx_word' id='word_1_225' title='bbox 1097 3580 1139 3635; x_wconf 77' lang='lat' dir='ltr'>Ad</span> <span class='ocrx_word' id='word_1_226' title='bbox 1149 3581 1304 3651; x_wconf 81' lang='lat' dir='ltr'>Epictetum</span> <span class='ocrx_word' id='word_1_227' title='bbox 1313 3585 1341 3634; x_wconf 90' lang='lat' dir='ltr'>et</span> <span class='ocrx_word' id='word_1_228' title='bbox 1348 3579 1460 3650; x_wconf 86' lang='lat' dir='ltr'>plebem</span> 
     </span>
     <span class='ocr_line' id='line_1_27' title="bbox 329 3665 1458 3737; baseline -0.001 -16"><span class='ocrx_word' id='word_1_229' title='bbox 329 3668 552 3736; x_wconf 80' lang='lat' dir='ltr'>(assyxitanornm</span> <span class='ocrx_word' id='word_1_230' title='bbox 572 3666 636 3720; x_wconf 82' lang='lat' dir='ltr'>cdd.</span> <span class='ocrx_word' id='word_1_231' title='bbox 651 3667 695 3736; x_wconf 86' lang='lat' dir='ltr'>N)</span> <span class='ocrx_word' id='word_1_232' title='bbox 716 3667 826 3735; x_wconf 83' lang='lat' dir='ltr'>explicit</span> <span class='ocrx_word' id='word_1_233' title='bbox 837 3666 929 3735; x_wconf 76' lang='lat' dir='ltr'><strong><em>LNQ,</em></strong></span> <span class='ocrx_word' id='word_1_234' title='bbox 950 3667 1071 3737; x_wconf 84' lang='lat' dir='ltr'>Explicit</span> <span class='ocrx_word' id='word_1_235' title='bbox 1087 3667 1122 3721; x_wconf 84' lang='lat' dir='ltr'>od</span> <span class='ocrx_word' id='word_1_236' title='bbox 1133 3667 1288 3737; x_wconf 80' lang='lat' dir='ltr'>Epictetum</span> <span class='ocrx_word' id='word_1_237' title='bbox 1305 3670 1335 3720; x_wconf 85' lang='lat' dir='ltr'>et</span> <span class='ocrx_word' id='word_1_238' title='bbox 1349 3665 1458 3735; x_wconf 86' lang='lat' dir='ltr'>plebem</span> 
     </span>
     <span class='ocr_line' id='line_1_28' title="bbox 328 3752 1460 3822; baseline -0.001 -15"><span class='ocrx_word' id='word_1_239' title='bbox 328 3755 547 3822; x_wconf 80' lang='lat' dir='ltr'>Assyritanorum</span> <span class='ocrx_word' id='word_1_240' title='bbox 556 3755 585 3806; x_wconf 91' lang='lat' dir='ltr'>et</span> <span class='ocrx_word' id='word_1_241' title='bbox 593 3755 714 3822; x_wconf 90' lang='lat' dir='ltr'>episcopo</span> <span class='ocrx_word' id='word_1_242' title='bbox 725 3769 816 3808; x_wconf 89' lang='lat' dir='ltr'>eorum</span> <span class='ocrx_word' id='word_1_243' title='bbox 825 3753 860 3813; x_wconf 82' lang='lat' dir='ltr'>P.</span> <span class='ocrx_word' id='word_1_244' title='bbox 870 3752 911 3807; x_wconf 81' lang='lat' dir='ltr'>Ad</span> <span class='ocrx_word' id='word_1_245' title='bbox 919 3753 1072 3822; x_wconf 75' lang='lat' dir='ltr'>Epictetum</span> <span class='ocrx_word' id='word_1_246' title='bbox 1082 3755 1111 3807; x_wconf 90' lang='lat' dir='ltr'>et</span> <span class='ocrx_word' id='word_1_247' title='bbox 1120 3753 1225 3822; x_wconf 88' lang='lat' dir='ltr'>plebem</span> <span class='ocrx_word' id='word_1_248' title='bbox 1233 3753 1460 3807; x_wconf 79' lang='lat' dir='ltr'>Assuritenorum</span> 
     </span>
     <span class='ocr_line' id='line_1_29' title="bbox 240 3823 1393 3909; baseline 0.001 -16"><span class='ocrx_word' id='word_1_249' title='bbox 240 3839 243 3844; x_wconf 86' lang='lat'>&#39;</span> <span class='ocrx_word' id='word_1_250' title='bbox 329 3839 362 3894; x_wconf 89' lang='lat' dir='ltr'>de</span> <span class='ocrx_word' id='word_1_251' title='bbox 374 3841 521 3894; x_wconf 80' lang='lat' dir='ltr'>Fortunato</span> <span class='ocrx_word' id='word_1_252' title='bbox 534 3839 668 3909; x_wconf 88' lang='lat' dir='ltr'>qnondam</span> <span class='ocrx_word' id='word_1_253' title='bbox 680 3841 801 3909; x_wconf 86' lang='lat' dir='ltr'>episcopo</span> <span class='ocrx_word' id='word_1_254' title='bbox 814 3823 886 3908; x_wconf 58' lang='grc' dir='ltr'>(ορίἶ</span> <span class='ocrx_word' id='word_1_255' title='bbox 896 3840 928 3906; x_wconf 81' lang='grc'>0)</span> <span class='ocrx_word' id='word_1_256' title='bbox 941 3855 1031 3894; x_wconf 88' lang='lat' dir='ltr'>eornm</span> <span class='ocrx_word' id='word_1_257' title='bbox 1043 3842 1107 3907; x_wconf 81' lang='lat' dir='ltr'>(cm.</span> <span class='ocrx_word' id='word_1_258' title='bbox 1120 3840 1155 3906; x_wconf 81' lang='lat'>0)</span> <span class='ocrx_word' id='word_1_259' title='bbox 1167 3839 1279 3908; x_wconf 85' lang='lat' dir='ltr'>explicit</span> <span class='ocrx_word' id='word_1_260' title='bbox 1290 3837 1347 3894; x_wconf 77' lang='lat' dir='ltr'>CR</span> <span class='ocrx_word' id='word_1_261' title='bbox 1362 3867 1393 3878; x_wconf 87' lang='lat'>-</span> 
     </span>
    </p>

    <p class='ocr_par' dir='ltr' id='par_1_9' title="bbox 327 3925 1461 4496">
     <span class='ocr_line' id='line_1_30' title="bbox 380 3925 1460 3996; baseline 0 -17"><span class='ocrx_word' id='word_1_262' title='bbox 380 3925 467 3995; x_wconf 87' lang='lat' dir='ltr'>Epist.</span> <span class='ocrx_word' id='word_1_263' title='bbox 480 3927 575 3981; x_wconf 86' lang='lat' dir='ltr'>LXVI.</span> <span class='ocrx_word' id='word_1_264' title='bbox 589 3955 621 3968; x_wconf 88' lang='lat'>-</span> <span class='ocrx_word' id='word_1_265' title='bbox 634 3926 736 3996; x_wconf 91' lang='lat' dir='ltr'>Incipit</span> <span class='ocrx_word' id='word_1_266' title='bbox 752 3925 786 3979; x_wconf 93' lang='lat' dir='ltr'>ad</span> <span class='ocrx_word' id='word_1_267' title='bbox 798 3925 966 3980; x_wconf 80' lang='lat' dir='ltr'>Florentium</span> <span class='ocrx_word' id='word_1_268' title='bbox 984 3942 1064 3996; x_wconf 85' lang='lat' dir='ltr'>quern</span> <span class='ocrx_word' id='word_1_269' title='bbox 1075 3930 1105 3980; x_wconf 88' lang='lat' dir='ltr'>et</span> <span class='ocrx_word' id='word_1_270' title='bbox 1116 3927 1286 3995; x_wconf 83' lang='lat' dir='ltr'>Puppianum</span> <span class='ocrx_word' id='word_1_271' title='bbox 1298 3928 1460 3996; x_wconf 81' lang='lat' dir='ltr'>(pupianum</span> 
     </span>
     <span class='ocr_line' id='line_1_31' title="bbox 332 4012 1460 4082; baseline -0.003 -14"><span class='ocrx_word' id='word_1_272' title='bbox 332 4015 380 4080; x_wconf 84' lang='lat' dir='ltr'>To)</span> <span class='ocrx_word' id='word_1_273' title='bbox 391 4013 554 4077; x_wconf 86' lang='lat' dir='ltr'>BLNPTo,</span> <span class='ocrx_word' id='word_1_274' title='bbox 566 4012 703 4067; x_wconf 85' lang='lat' dir='ltr'>Florentio</span> <span class='ocrx_word' id='word_1_275' title='bbox 716 4015 743 4067; x_wconf 90' lang='lat' dir='ltr'>et</span> <span class='ocrx_word' id='word_1_276' title='bbox 754 4012 876 4082; x_wconf 78' lang='lat' dir='ltr'>Pupieno</span> <span class='ocrx_word' id='word_1_277' title='bbox 888 4012 914 4067; x_wconf 93' lang='lat' dir='ltr'>b.</span> <span class='ocrx_word' id='word_1_278' title='bbox 924 4029 945 4066; x_wconf 90' lang='lat' dir='ltr'>c.</span> <span class='ocrx_word' id='word_1_279' title='bbox 956 4029 979 4066; x_wconf 91' lang='lat' dir='ltr'>e.</span> <span class='ocrx_word' id='word_1_280' title='bbox 988 4013 1027 4068; x_wconf 87' lang='grc' dir='ltr'>Η.</span> <span class='ocrx_word' id='word_1_281' title='bbox 1041 4043 1074 4054; x_wconf 86' lang='lat'>-</span> <span class='ocrx_word' id='word_1_282' title='bbox 1086 4014 1104 4068; x_wconf 90' lang='lat'>8</span> <span class='ocrx_word' id='word_1_283' title='bbox 1114 4013 1215 4067; x_wconf 76' lang='lat' dir='ltr'>tascius</span> <span class='ocrx_word' id='word_1_284' title='bbox 1224 4013 1309 4076; x_wconf 84' lang='lat' dir='ltr'>HNo,</span> <span class='ocrx_word' id='word_1_285' title='bbox 1322 4014 1409 4067; x_wconf 76' lang='lat' dir='ltr'>aecius</span> <span class='ocrx_word' id='word_1_286' title='bbox 1420 4012 1460 4075; x_wconf 76' lang='lat' dir='ltr'>B,</span> 
     </span>
     <span class='ocr_line' id='line_1_32' title="bbox 328 4096 1459 4167; baseline 0.001 -16"><span class='ocrx_word' id='word_1_287' title='bbox 328 4098 431 4152; x_wconf 86' lang='lat' dir='ltr'>eascius</span> <span class='ocrx_word' id='word_1_288' title='bbox 447 4098 609 4162; x_wconf 57' lang='lat' dir='ltr'>iithmcius</span> <span class='ocrx_word' id='word_1_289' title='bbox 622 4099 691 4153; x_wconf 75' lang='lat' dir='ltr'>Lon</span> <span class='ocrx_word' id='word_1_290' title='bbox 705 4101 837 4152; x_wconf 63' lang='lat' dir='ltr'>roseae</span> <span class='ocrx_word' id='word_1_291' title='bbox 939 4099 1055 4167; x_wconf 88' lang='lat' dir='ltr'>popiano</span> <span class='ocrx_word' id='word_1_292' title='bbox 1069 4097 1109 4153; x_wconf 88' lang='lat' dir='ltr'>To</span> <span class='ocrx_word' id='word_1_293' title='bbox 1218 4099 1251 4152; x_wconf 76' lang='lat'>12</span> <span class='ocrx_word' id='word_1_294' title='bbox 1264 4096 1459 4166; x_wconf 79' lang='lat' dir='ltr'>antaodiasee]</span> 
     </span>
     <span class='ocr_line' id='line_1_33' title="bbox 328 4183 1428 4254; baseline 0 -18"><span class='ocrx_word' id='word_1_295' title='bbox 328 4187 360 4237; x_wconf 91' lang='lat' dir='ltr'>nt</span> <span class='ocrx_word' id='word_1_296' title='bbox 371 4183 491 4238; x_wconf 87' lang='lat' dir='ltr'>audisses</span> <span class='ocrx_word' id='word_1_297' title='bbox 504 4184 560 4240; x_wconf 81' lang='lat' dir='ltr'>BE</span> <span class='ocrx_word' id='word_1_298' title='bbox 652 4185 785 4239; x_wconf 81' lang='lat' dir='ltr'>13inom.</span> <span class='ocrx_word' id='word_1_299' title='bbox 799 4184 834 4239; x_wconf 87' lang='lat' dir='ltr'><strong><em>N</em></strong></span> <span class='ocrx_word' id='word_1_300' title='bbox 920 4184 954 4238; x_wconf 82' lang='lat'>14</span> <span class='ocrx_word' id='word_1_301' title='bbox 964 4185 1055 4239; x_wconf 74' lang='lat' dir='ltr'>ineos</span> <span class='ocrx_word' id='word_1_302' title='bbox 1070 4185 1097 4238; x_wconf 86' lang='lat' dir='ltr'><em>B</em></span> <span class='ocrx_word' id='word_1_303' title='bbox 1189 4184 1224 4239; x_wconf 82' lang='lat'>15</span> <span class='ocrx_word' id='word_1_304' title='bbox 1234 4183 1315 4254; x_wconf 86' lang='lat' dir='ltr'>qaod]</span> <span class='ocrx_word' id='word_1_305' title='bbox 1327 4183 1428 4252; x_wconf 87' lang='lat' dir='ltr'>qnoN</span> 
     </span>
     <span class='ocr_line' id='line_1_34' title="bbox 329 4267 1460 4340; baseline 0 -18"><span class='ocrx_word' id='word_1_306' title='bbox 329 4269 362 4324; x_wconf 90' lang='lat'>16</span> <span class='ocrx_word' id='word_1_307' title='bbox 375 4270 623 4340; x_wconf 85' lang='lat' dir='ltr'>communicatione]</span> <span class='ocrx_word' id='word_1_308' title='bbox 639 4269 876 4325; x_wconf 82' lang='lat' dir='ltr'>commaculatione</span> <span class='ocrx_word' id='word_1_309' title='bbox 887 4267 919 4323; x_wconf 87' lang='lat' dir='ltr'><strong><em>N</em></strong></span> <span class='ocrx_word' id='word_1_310' title='bbox 999 4271 1207 4324; x_wconf 87' lang='lat' dir='ltr'>commaculetur</span> <span class='ocrx_word' id='word_1_311' title='bbox 1217 4269 1252 4324; x_wconf 86' lang='grc' dir='ltr'><strong>Η</strong></span> <span class='ocrx_word' id='word_1_312' title='bbox 1329 4270 1357 4323; x_wconf 89' lang='lat' dir='ltr'>in</span> <span class='ocrx_word' id='word_1_313' title='bbox 1369 4283 1460 4323; x_wconf 84' lang='lat' dir='ltr'>mores</span> 
     </span>
     <span class='ocr_line' id='line_1_35' title="bbox 329 4354 1461 4423; baseline -0.001 -13"><span class='ocrx_word' id='word_1_314' title='bbox 329 4356 655 4420; x_wconf 55' lang='lat' dir='ltr'>emmerammensis</span> <span class='ocrx_word' id='word_1_315' title='bbox 748 4357 779 4409; x_wconf 83' lang='grc'>17</span> <span class='ocrx_word' id='word_1_316' title='bbox 793 4355 840 4423; x_wconf 89' lang='lat' dir='ltr'>qui</span> <span class='ocrx_word' id='word_1_317' title='bbox 852 4354 1005 4408; x_wconf 63' lang='lat' dir='ltr'>croam</span> <span class='ocrx_word' id='word_1_318' title='bbox 1095 4354 1269 4409; x_wconf 82' lang='lat' dir='ltr'>iacitom.B</span> <span class='ocrx_word' id='word_1_319' title='bbox 1362 4355 1461 4409; x_wconf 80' lang='lat' dir='ltr'>litscd</span> 
     </span>
     <span class='ocr_line' id='line_1_36' title="bbox 327 4442 448 4496; baseline 0.008 -1"><span class='ocrx_word' id='word_1_320' title='bbox 327 4457 378 4495; x_wconf 89' lang='lat' dir='ltr'>om.</span> <span class='ocrx_word' id='word_1_321' title='bbox 391 4442 448 4496; x_wconf 74' lang='lat' dir='ltr'>IaP</span> 
     </span>
    </p>
   </div>
   <div class='ocr_carea' id='block_1_9' title="bbox 0 0 1626 5159">
    <p class='ocr_par' dir='ltr' id='par_1_10' title="bbox 0 0 1626 5159">
     <span class='ocr_line' id='line_1_37' title="bbox 0 0 1626 5159; baseline 0 1"><span class='ocrx_word' id='word_1_322' title='bbox 0 0 1626 5159; x_wconf 95' lang='lat' dir='ltr'> </span> 
     </span>
    </p>
   </div>
  </div>
 </body>
</html>
