3242 5159
403 522 467 589 812
800 521 950 577 Caecilii
967 522 1128 592 Cypriani

401 674 526 756 copulat
549 695 620 742 suos
642 677 766 743 uiuoulo
787 678 928 743 unitatis.
950 677 1032 743 unde
1046 678 1080 743 in
1094 677 1272 743 uniriemam
1291 681 1402 743 terram
1419 680 1492 742 enuit

398 795 491 841 sonus
517 796 623 844 eornm
643 780 696 861 qui
711 799 730 844 a
744 780 877 845 Domino
897 780 988 845 missi
1008 781 1082 845 sunt
1103 780 1235 846 unitatis
1248 781 1361 863 spiritu
1374 782 1491 847 uelociter

400 884 573 946 turrentes:
601 882 682 948 sicut
705 902 721 948 e
744 883 896 948 contario
922 882 1002 947 nihil
1027 883 1153 966 prodest
1177 883 1299 967 aliquos
1320 885 1456 967 proximos
1471 891 1493 947 et
1544 877 1545 880 ’

404 984 525 1051 innotos
539 986 600 1051 sibi
610 1004 676 1051 esse
687 986 875 1069 emporibus,
890 986 918 1050 si
930 987 1033 1051 auimo
1045 987 1079 1051 et
1088 988 1192 1052 mente
1207 986 1385 1064 dissideant
1399 986 1491 1069 qnando

400 1088 530 1155 adunari
553 1090 673 1155 animae
694 1089 819 1155 omnino
838 1107 899 1153 non
920 1082 1041 1171 possint
1054 1108 1133 1171 quae
1146 1108 1180 1155 se
1195 1110 1214 1154 a
1228 1091 1287 1154 Dei
1303 1090 1417 1154 unitate
1428 1090 1504 1153 dini-s

399 1192 503 1259 serint.
538 1210 626 1257 eoae
654 1192 769 1269 euim,
803 1192 916 1275 inquit,
949 1192 1016 1275 qui
1042 1192 1307 1277 longinquant
1333 1212 1370 1255 se
1394 1192 1450 1256 abs
1465 1197 1491 1255 te
1545 1255 1546 1266 ,

399 1296 510 1377 perib
519 1298 596 1360 unt.
620 1296 674 1360 sed
695 1296 775 1361 tales
795 1294 949 1360 iudicium
962 1294 1091 1359 Domini
1106 1313 1162 1378 pro
1176 1294 1289 1360 merito
1305 1313 1360 1359 auo
1373 1294 1490 1358 subibunt

400 1400 573 1464 recedentes
588 1418 607 1463 a
623 1397 726 1463 uerbis
752 1398 821 1463 eius
846 1398 900 1480 qui
924 1400 1047 1481 patrem
1069 1416 1124 1480 pro
1145 1398 1270 1465 unitate
1291 1399 1453 1480 depreeatur
1470 1401 1491 1459 ιι

400 1501 493 1567 dicit:
522 1502 646 1583 pater,
675 1500 721 1565 da
741 1504 784 1565 ut
805 1500 992 1584 quomodo
1019 1518 1088 1585 ego
1109 1503 1148 1566 et
1168 1502 1211 1566 tu
1233 1521 1352 1567 unum
1378 1518 1492 1566 sunus.

401 1604 459 1671 sio
481 1606 519 1669 et
541 1604 580 1668 hi
602 1604 640 1669 in
662 1603 772 1668 nobis
795 1604 884 1669 sint.
1499 1628 1514 1663 o

373 1711 391 1771 4
445 1706 509 1771 Nos
533 1724 605 1772 nero
627 1726 663 1772 ea
684 1726 762 1790 quae
783 1708 907 1773 euobis
931 1709 1049 1790 seripta
1070 1709 1143 1773 sunt
1164 1708 1254 1790 quasi
1276 1709 1382 1773 nostra
1399 1704 1493 1790 propria

406 1812 597 1893 susoepimus
605 1810 886 1875 nooiutransourau
895 1810 1041 1895 legimus,
1053 1812 1209 1894 sedsaepe
1219 1812 1354 1892 repetita
1362 1808 1494 1875 memorio

405 1912 637 1978 mandauimus:
653 1932 751 1995 neque
766 1914 854 1979 obest
869 1914 1004 1980 utilitati
1018 1914 1149 1980 salutari
1160 1916 1216 1979 aut
1227 1914 1335 1979 eadem
1346 1908 1494 1979 moroso

403 2014 642 2082 confirmandam
665 2016 829 2082 ueritatem
846 2018 948 2082 nutet
963 2018 1114 2100 quaedam
1128 2017 1241 2082 addere
1254 2017 1297 2081 ad
1311 2014 1493 2082 oumuhndan

402 2120 625 2203 probationem.
649 2119 767 2202 siquid
789 2122 896 2185 autem
910 2120 1032 2186 anobis
1052 2121 1196 2186 additum
1210 2119 1318 2198 fuerit,
1338 2137 1395 2185 non
1407 2116 1513 2183 sicud-s

404 2223 489 2288 ditur
504 2222 592 2304 quasi
606 2222 725 2287 anobis
740 2222 862 2305 aliquid
876 2224 979 2288 minue
994 2224 1116 2289 dietum
1131 2223 1185 2301 sit,
1199 2224 1254 2288 sed
1269 2224 1411 2305 quoniam
1422 2236 1494 2283 sorno
1547 2147 1549 2264 y

404 2326 529 2390 diuium
555 2324 724 2390 humanam
749 2326 893 2391 naturam
915 2326 1149 2411 supergraditur
1168 2345 1225 2391 nee
1246 2328 1352 2407 potest
1372 2326 1458 2389 lemn
1473 2324 1494 2383 el

405 2426 576 2512 perfeetum
597 2428 701 2493 anima
722 2428 891 2512 concipere,
913 2428 1028 2495 ideireo
1050 2431 1081 2493 et
1096 2431 1203 2494 tantus
1223 2433 1273 2496 est
1293 2446 1430 2495 numerus
1446 2440 1495 2506 pro

407 2532 572 2615 phetarum
587 2532 623 2595 ut
639 2530 803 2614 multiplex
818 2534 851 2597 et
865 2532 973 2597 diuina
993 2533 1146 2616 sapientia
1160 2534 1347 2615 permultos
1361 2528 1494 2596 distribua-
1548 2581 1550 2624 Ι

406 2634 467 2699 tur.
491 2633 572 2700 uude
588 2635 618 2699 et
632 2636 733 2699 taoere
756 2635 945 2718 praecipitur
967 2636 1069 2719 primo
1088 2638 1122 2701 iu
1141 2636 1306 2719 prophetia
1326 2633 1456 2717 loquenti,
1475 2628 1515 2691 sio

407 2739 539 2804 seeundo
561 2736 656 2803 fuerit
678 2738 862 2804 reuelutum.
885 2758 947 2822 qua
962 2758 998 2805 er
1013 2758 1104 2805 eausa
1125 2742 1297 2806 necessario
1318 2740 1396 2822 apud
1412 2732 1495 2801 nost
1548 2721 1549 2734 ¹

406 2844 443 2907 ut
461 2860 516 2923 per
536 2841 675 2925 singulos
696 2860 790 2907 annos
812 2843 945 2908 seniores
966 2845 997 2907 et
1016 2844 1186 2926 praepositi
1199 2843 1233 2908 iu
1247 2863 1347 2908 unum
1367 2836 1496 2907 eorumn-

406 2964 475 3009 mus
496 2946 534 3009 ad
557 2944 745 3026 disponenda
759 2964 794 3009 oa
809 2964 888 3027 qnae
907 2964 997 3011 curae
1016 2949 1141 3011 nomae
1161 2946 1330 3012 oommissa
1348 2946 1423 3019 sunt,
1440 2935 1496 3001 utsi

406 3068 467 3129 qua
490 3049 632 3131 grauiora
654 3048 726 3112 sunt
748 3048 905 3113 oommnni
928 3037 1057 3115 oonsilio
1079 3049 1265 3133 dirigantur,
1293 3048 1387 3135 lapsis
1406 3056 1496 3127 quoque

406 3150 554 3215 fratribus
581 3151 707 3233 etpost
736 3151 894 3217 laneorum
924 3152 1060 3217 salutare
1082 3170 1100 3216 a
1123 3151 1245 3216 diabolo
1275 3149 1434 3216 uulnemtis
1454 3160 1512 3225 pere

405 3254 629 3336 paenitentiam
650 3253 784 3319 medella
804 3256 980 3337 quaeratur,
1000 3272 1061 3319 non
1076 3254 1166 3336 quasi
1180 3273 1201 3319 a
1213 3249 1495 3319 nobis-remisissem

406 3358 602 3439 peecatorum
622 3359 855 3439 consequantur,
877 3358 932 3422 sed
953 3359 990 3422 ut
1009 3376 1063 3440 per
1081 3375 1137 3422 nos
1157 3358 1198 3422 ad
1213 3348 1496 3441 intellegenmnde

405 3459 552 3525 lictorum
581 3478 706 3525 snorum
734 3462 954 3525 conuertuntur
983 3462 1015 3526 et
1040 3460 1173 3525 Domino
1202 3460 1325 3545 plenius
1355 3453 1496 3524 satiator

406 3562 563 3647 cogantur.

377 3672 394 3733 5
451 3664 601 3743 Quoniam
632 3683 703 3731 uero
732 3666 854 3750 legatus
880 3666 940 3732 iste
966 3688 985 3731 a
1011 3666 1099 3732 uobis
1124 3667 1239 3733 missus
1265 3665 1384 3752 regredi
1405 3661 1439 3727 ad
1459 3672 1515 3719 ursa

406 3767 574 3833 festinabat
590 3768 620 3833 et
634 3768 798 3835 hibernum
819 3769 942 3851 tempus
962 3769 1125 3853 urguebat,
1146 3770 1298 3854 quantum
1320 3767 1458 3853 potuimus
1469 3755 1496 3822 ad

510 3990 527 4043 6
545 3988 590 4043 Pe.
610 3989 651 4053 72,
669 3989 710 4043 27.
782 3992 799 4045 9
817 3991 854 4046 Io.
874 3991 915 4055 17,
935 3992 976 4045 21.

460 4172 628 4246 loopulatu's
646 4194 693 4234 uos
706 4180 742 4235 Μ
754 4180 872 4247 (copulat
890 4195 950 4234 snos
964 4180 998 4251 Q)
1153 4182 1171 4235 2
1183 4181 1216 4236 ud
1233 4164 1298 4235 dnm
1311 4184 1347 4238 Μ
1356 4182 1382 4248 (a
1392 4156 1442 4231 (11ιῖ
1448 4168 1474 4237 (l)

408 4266 425 4319 8
438 4264 569 4318 unitatem
584 4266 607 4336 Q
715 4268 732 4321 9
744 4269 775 4319 tu
788 4267 847 4320 Es.
859 4267 876 4320 l.
988 4267 1022 4320 10
1034 4267 1099 4336 siut]
1111 4283 1195 4321 unum
1206 4267 1263 4321 sint
1276 4267 1312 4323 Iu
1407 4259 1435 4314 13
1444 4268 1496 4310 nar

407 4352 502 4407 damus
516 4353 566 4406 EI
661 4355 694 4407 18
706 4353 795 4407 animo
808 4353 846 4406 Μ
855 4352 956 4419 (anima
970 4352 1003 4421 Q)
1097 4354 1130 4406 19
1142 4356 1171 4405 et
1182 4368 1233 4406 mia
1244 4370 1262 4407 ιι
1352 4336 1497 4413 fflioqufflffi

408 4440 433 4493 si
446 4440 481 4504 E,
492 4439 628 4507 loquentia
642 4439 666 4508 Q
768 4439 801 4493 26
816 4438 919 4493 medela
930 4438 995 4493 EIo
1098 4438 1131 4492 27
1144 4438 1178 4492 ad
1191 4438 1222 4493 E
1230 4454 1251 4493 a.
1265 4440 1285 4494 l.
1297 4456 1330 4494 ur.
1342 4441 1362 4492 2
