3242 5159
305 523 373 588 432
461 520 608 575 Caecilii
624 517 788 589 Cypriani
804 518 843 574 de
860 520 931 573 nelo
948 523 982 572 et
999 519 1111 574 liuore
1129 537 1151 574 c.
1171 521 1281 576 17-18.

310 677 440 743 ueneris.
473 695 582 742 sensus
605 675 705 759 adque
729 677 819 742 actus
845 676 894 742 tui
920 675 1076 742 diuinitus
1102 677 1293 762 dirigentur,
1315 675 1442 760 quando

310 801 348 847 ea
369 799 446 863 quae
467 779 576 846 diuina
599 782 633 846 ot
654 780 739 846 iusta
763 780 838 844 sunt
863 780 1065 865 engildeone,
1088 781 1170 846 sicut
1194 781 1346 863 seriptum
1370 781 1441 845 est:

309 903 372 950 cor
404 885 481 950 uiri
515 884 666 970 cogitet
695 883 817 960 iusta,
849 885 930 948 uta
958 883 1032 949 Deo
1065 883 1291 968 dirigantur
1325 901 1443 967 gres-

309 1007 375 1053 sne
397 1007 489 1054 erus.

259 1102 300 1166 18
352 1092 457 1158 Habes
472 1094 579 1158 antem
593 1092 696 1157 multa
709 1111 787 1174 quae
801 1092 931 1176 cogites.
954 1093 1133 1175 paradisum
1148 1092 1267 1176 cogita,
1289 1108 1350 1174 quo
1362 1089 1440 1156 Cain
1458 1118 1473 1158 s

308 1215 371 1262 non
385 1196 468 1262 redit
481 1197 536 1277 qui
550 1196 616 1261 zelo
630 1195 761 1261 fratrem
781 1196 925 1278 peremit.
947 1196 1052 1281 cogita
1074 1195 1206 1262 caeleste
1227 1213 1373 1279 regnum,
1395 1193 1437 1258 ad

309 1300 391 1383 quod
412 1317 473 1365 non
493 1299 556 1366 uisi
578 1299 741 1364 concordes
755 1300 856 1382 adque
869 1299 1030 1364 unmimos
1045 1299 1197 1364 Dominus
1211 1297 1362 1363 admittit.
1386 1315 1440 1362 co-

309 1405 378 1490 gita
390 1405 473 1487 quod
488 1403 547 1468 filii
562 1403 621 1469 Dei
635 1403 671 1467 lui
685 1403 744 1468 soli
758 1404 879 1485 possint
893 1402 997 1469 uocari
1011 1403 1066 1486 qui
1081 1402 1145 1468 sint
1160 1401 1295 1486 pacifici,
1311 1402 1365 1485 qui
1378 1421 1438 1466 na·

308 1508 437 1573 tinitate
462 1509 495 1572 et
516 1506 586 1591 lege
611 1505 720 1572 diuina
744 1506 784 1571 ad
808 1505 1047 1571 similitudinem
1063 1506 1122 1571 Dei
1147 1505 1245 1588 patris
1267 1506 1299 1569 et
1319 1503 1437 1570 curisti

306 1611 510 1695 respondeant
531 1610 670 1676 adunati.
693 1611 798 1694 cogita
819 1611 877 1676 sub
900 1610 999 1676 oeulis
1013 1627 1069 1676 nos
1084 1610 1142 1675 Dei
1157 1612 1256 1686 stare,
1279 1607 1476 1690 spectantem

308 1735 345 1782 ao
358 1714 517 1781 indicante
542 1715 609 1797 ipso
635 1715 878 1780 conuersationis
905 1733 941 1780 ac
966 1713 1052 1779 uitae
1073 1713 1196 1779 nostrae
1217 1711 1371 1778 enrricula
1385 1709 1438 1776 de-

261 1813 265 1823 ’
307 1838 445 1898 currere,
468 1817 629 1902 peruenire
642 1836 699 1884 noe
713 1819 788 1884 tunc
803 1818 933 1883 demum
948 1835 1051 1901 posse,
1075 1819 1112 1882 ut
1138 1835 1211 1881 eum
1233 1814 1339 1880 uidere
1363 1833 1436 1879 eon-

307 1923 425 2008 tingat,
448 1923 475 1988 si
501 1921 606 2006 ipsum
630 1939 713 1987 nuno
737 1921 897 1988 uidentem
911 1920 1102 1987 delectemus
1116 1918 1237 1986 aotibm
1251 1918 1385 1996 uostris,
1407 1917 1437 1982 si

306 2044 363 2092 noe
377 2027 488 2112 dignos
502 2027 623 2111 gratiae
636 2025 704 2091 eius
718 2027 751 2090 ot
764 2025 977 2111 indulgentiae
991 2024 1209 2107 praebeamus,
1243 2020 1271 2087 si
1286 2019 1435 2105 plaoituri

305 2130 1122 2215 semperinregnoinhocmundoanteplaeeamus.
1434 2134 1464 2176 ¹⁸

1478 1981 1499 2017 ἱ

406 2320 424 2374 3
441 2321 520 2374 Pron.
532 2321 574 2383 16,
588 2321 612 2373 1.

357 2495 584 2566 leingunturB
635 2491 903 2547 asmtetiuetnn
971 2490 1152 2560 amputa
1219 2475 1301 2542 moe
1369 2484 1432 2539 en

305 2599 357 2652 quo
369 2582 399 2638 D
449 2581 560 2651 dredit]
573 2580 726 2652 ingreditur
732 2579 871 2633 salom
922 2577 1033 2632 fratrem
1046 2577 1101 2631 uelo
1112 2576 1142 2630 D
1195 2577 1275 2629 lnon
1287 2589 1337 2629 ooo.
1348 2572 1387 2628 W

306 2669 445 2724 concordes
457 2669 544 2738 adque
555 2685 605 2723 one
615 2669 644 2723 B
695 2668 714 2721 8
729 2665 772 2720 fili
784 2665 877 2722 W'D¹
945 2664 986 2718 hii
998 2665 1061 2719 ΜΒ
1125 2661 1227 2732 uocari]
1240 2677 1297 2716 esse
1306 2659 1338 2714 D
1387 2658 1434 2728 qui

307 2759 372 2811 sunt
382 2756 429 2820 Μ,
447 2771 497 2810 ooo.
507 2755 538 2811 D
599 2753 715 2825 pacifeci
725 2752 756 2808 D
819 2751 969 2806 natiuitate
982 2749 1093 2805 caelesti
1104 2749 1151 2804 De
1204 2748 1237 2803 10
1253 2747 1343 2802 oeulos
1354 2746 1383 2800 B

305 2843 348 2897 dei
359 2859 407 2899 noe
420 2843 557 2907 etareMe,
569 2840 614 2895 dei
625 2844 699 2895 ctare
710 2855 759 2895 noe
769 2838 797 2892 B
808 2839 893 2909 (stare
905 2835 1125 2906 expungendum
1135 2833 1261 2902 uidear)
1308 2832 1342 2888 13
1349 2833 1433 2902 posue

304 2933 330 2987 ei
341 2947 392 2987 om.
401 2930 432 2986 D
492 2930 527 2984 14
543 2928 635 2998 gratia
643 2928 719 2983 DBc
779 2928 808 2979 et
819 2924 1005 2994 indulgentiae
1017 2923 1054 2977 M
1062 2938 1083 2977 e.
1095 2922 1115 2977 l.
1127 2937 1161 2975 m.
1171 2923 1203 2986 2,
1222 2923 1251 2975 et
1261 2918 1433 2990 indulgentia

305 3018 380 3074 DBo
447 3016 641 3088 praebebamus
650 3015 692 3069 D¹
754 3013 779 3067 si
792 3028 863 3068 corr.
875 3013 908 3066 ia
919 3012 959 3066 sie
970 3012 1006 3066 Μ
1016 3027 1051 3064 ee.
1063 3013 1083 3065 2
1145 3007 1179 3064 15
1197 3007 1261 3062 siin
1272 3007 1324 3062 hoc
1334 3005 1382 3060 Μ’

302 3121 341 3160 nn
358 3121 426 3161 znuo
442 3121 478 3159 nn
497 3118 602 3158 nrvonn
618 3116 751 3157 murore
763 3099 812 3163 W,
831 3113 963 3153 nnnrcrn
975 3113 1012 3152 ns
1024 3111 1092 3152 nuno
1104 3112 1139 3151 nn
1151 3109 1255 3150 emona
1270 3094 1306 3159 G,
1323 3107 1434 3148 emmer

301 3207 442 3248 marm
460 3207 498 3246 nn
514 3205 583 3244 zaro
601 3204 636 3244 rr
655 3203 760 3243 nruonn
777 3169 868 3242 m'ffo
880 3184 941 3240 ΜΒ
