3242 5159
287 484 353 558 584
677 463 825 532 Caecilii
844 475 1007 546 Cypriani

286 637 451 721 praccepta
465 635 498 701 et
511 633 709 718 euangelium
724 633 850 698 Domini
871 651 949 714 quae
968 631 1093 698 fortiter
1111 651 1147 698 ec
1161 631 1297 698 fideliter
1317 633 1423 716 sequi-

287 742 361 804 tur?
372 757 435 804 uox
445 739 617 804 Dominum
631 737 769 803 confesse
783 737 817 802 in
831 737 881 802 his
896 737 1025 802 cottidie
1039 757 1118 819 quac
1130 738 1283 802 Dominus
1298 738 1421 822 locutus

287 843 335 908 est
355 842 508 908 audiatur.
533 842 650 906 uiderit
672 860 711 906 an
734 841 777 906 sit
799 841 929 905 ulterior
950 840 1065 925 gradus
1088 840 1128 906 ed
1150 860 1242 922 quem
1265 841 1370 924 profici
1385 843 1420 906 in

285 947 413 1011 ecclesia
433 946 540 1028 possit.
563 946 643 1011 nihil
658 947 707 1011 est
721 945 755 1010 iu
769 963 830 1026 quo
851 945 954 1029 magis
975 943 1130 1010 consessor
1150 943 1301 1010 fratribus
1321 946 1421 1028 prosit

234 1045 239 1077 ’·
285 1069 380 1132 quam
391 1052 428 1114 ut
438 1051 515 1114 dum
530 1049 711 1134 euangelica
725 1050 817 1114 lectio
833 1050 871 1114 de
886 1067 937 1114 ore
952 1049 1018 1114 eius
1034 1048 1170 1127 auditur,
1186 1049 1310 1113 lectoris
1325 1048 1443 1114 fidems

285 1361 429 1426 omnibus
450 1359 579 1425 uirtutis
594 1362 626 1424 et
640 1361 744 1425 leudis
764 1344 940 1444 insignibus
961 1360 1124 1441 copulatus
1139 1361 1195 1424 est.
1222 1377 1311 1444 pares
1326 1359 1418 1424 ambo

285 1464 317 1528 et
337 1464 468 1547 uterque
489 1463 675 1542 consimiles,
703 1463 910 1545 inquantum
934 1463 1035 1548 gloria
1050 1463 1209 1543 sublimes,
1236 1463 1269 1528 iu
1292 1465 1418 1528 tantum

284 1567 470 1632 uerecundia
483 1567 630 1646 humiles,
646 1568 797 1649 quantum
814 1567 921 1632 diuina
936 1567 1115 1652 dignatione
1130 1569 1274 1652 promoti,
1291 1568 1417 1632 tantum
1427 1591 1456 1632 m

284 1691 341 1736 sua
364 1671 468 1754 quiete
491 1672 524 1736 et
549 1670 780 1753 tranquillitate
805 1670 975 1749 summissi,
1003 1671 1035 1735 et
1060 1671 1216 1736 uirtutum
1241 1669 1359 1753 pariter
1384 1672 1417 1736 et

282 1791 405 1839 momm
430 1774 563 1858 siugulis
583 1773 724 1856 exempla
748 1773 928 1856 praebentes
944 1775 976 1838 ot
991 1774 1197 1858 congressioni
1213 1775 1245 1839 et
1258 1773 1328 1857 paci
1343 1791 1417 1839 con·

283 1880 438 1963 gnieutes,
454 1878 522 1943 illic
535 1877 644 1944 robore
658 1878 708 1943 hic
722 1878 839 1961 pudore
853 1876 1035 1943 laudabiles.

254 1989 273 2050 5
325 1981 363 2046 In
377 1981 495 2047 talibus
516 1983 614 2047 seruis
635 1982 771 2047 metatur
786 1981 948 2058 Dominae,
970 1982 1003 2047 in
1018 1983 1169 2047 eiusmodi
1189 1980 1416 2048 confessoribus

282 2084 443 2169 gloriatur,
466 2103 597 2168 quorum
612 2087 697 2150 secta
711 2086 743 2150 et
757 2084 949 2151 conuersatio
965 2085 1010 2150 sio
1024 2085 1146 2168 proficit
1160 2087 1200 2152 ad
1214 2087 1415 2170 praeconium
1425 2115 1453 2154 rs

282 2188 399 2272 gloriae
419 2191 456 2253 ut
476 2189 693 2282 magisterium
715 2189 825 2254 ceteris
847 2188 992 2272 praebeat
1014 2188 1205 2271 discipliuae.
1234 2189 1273 2254 ad
1292 2190 1350 2255 hoc
1364 2209 1416 2255 eos

282 2289 423 2357 Christus
445 2311 511 2357 osse
533 2293 584 2357 hic
598 2296 631 2356 in
646 2292 775 2357 eeclesia
798 2292 853 2357 diu
875 2292 986 2370 uoluit,
1010 2293 1049 2358 ed
1064 2293 1122 2359 hoo
1136 2293 1174 2356 de
1189 2292 1293 2358 media
1314 2297 1416 2360 morte

281 2395 459 2462 subtractos
487 2395 621 2478 quadem
650 2396 782 2461 dixerim
810 2396 1030 2462 resurrectione
1059 2397 1142 2462 cirea
1170 2413 1221 2461 eos
1237 2395 1336 2462 ¹facta
1365 2397 1415 2462 iu·

282 2498 418 2564 columes
444 2500 625 2578 reseruauit
649 2501 686 2564 ut
707 2499 783 2564 dum
805 2499 886 2564 nihil
901 2500 934 2564 in
947 2499 1061 2565 honore
1083 2499 1260 2578 sublimius,
1286 2500 1367 2564 nihil
1381 2501 1416 2566 in

279 2601 461 2666 humilitate
476 2602 674 2667 summissius
688 2622 707 2669 a
722 2602 872 2668 fratribus
888 2603 1033 2681 cernitur,
1053 2603 1111 2668 hos
1126 2603 1249 2670 eosdem
1265 2603 1413 2670 fraterni-
1422 2625 1452 2668 so

279 2706 330 2770 tae
356 2706 474 2770 sectata
502 2705 676 2771 comitetur.
707 2706 764 2772 hos
788 2708 895 2772 tamen
921 2707 1049 2772 lectores
1076 2707 1201 2772 interim
1228 2708 1413 2776 constitutos

281 2806 398 2887 sciatis,
421 2809 495 2890 quia
518 2810 680 2892 oportebat
700 2811 860 2875 lucernam
880 2827 970 2892 super
992 2809 1214 2876 caudelabrum
1234 2811 1308 2895 poni
1329 2811 1412 2876 unde

279 2910 423 2976 omuibus
442 2911 545 2975 luceat
565 2913 597 2976 et
612 2912 762 2996 gloriosos
782 2912 938 2976 uultusiu
953 2913 1020 2978 loco
1041 2912 1152 2978 altiore
1173 2913 1331 2991 constitui,
1354 2913 1412 2979 ubi

279 3013 318 3078 ab
333 3013 418 3078 omni
438 3015 657 3080 circumstante
678 3015 834 3098 conspecti
848 3016 1085 3080 incitamentum
1100 3015 1216 3100 gloriae
1231 3016 1412 3084 uidentibus

278 3116 454 3200 praebeant.
477 3119 614 3183 ceterum
633 3117 820 3202 presbyterii
841 3117 987 3184 honorem
1007 3117 1183 3202 designasse
1198 3139 1253 3186 nos
1268 3119 1333 3184 illis
1348 3121 1449 3186 iamss

286 1275 356 1322 cum
382 1275 442 1339 quo
468 1258 500 1321 et
525 1256 625 1321 diuini
649 1256 772 1322 honoris
798 1256 945 1320 societate
959 1251 1150 1320 'mmunotus
1176 1256 1233 1333 est,
1260 1273 1333 1319 eum
1357 1272 1418 1335 quo

331 3321 449 3376 letoos
467 3321 500 3376 0¹
587 3321 862 3391 quse...domiuum
877 3321 1342 3394 muneremunere)

278 3406 388 3462 consur
399 3423 434 3462 ss
445 3408 546 3462 cosam
559 3409 660 3465 cmo
739 3390 823 3461 effi
835 3408 869 3472 u,
882 3391 934 3461 ὧ
941 3407 999 3464 NR
1078 3409 1160 3479 sess]
1173 3413 1201 3464 ss
1213 3411 1240 3466 a
1318 3410 1411 3464 auus

278 3493 377 3548 musO
470 3494 640 3549 deocleeiam
656 3494 747 3550 G'LP
841 3509 893 3563 quo
905 3511 939 3549 cx
951 3504 1084 3564 quoquam
1102 3497 1125 3552 G
1217 3496 1372 3552 taediatus
1387 3497 1413 3566 Q

278 3579 400 3649 (auditur
411 3579 456 3648 Μ)
548 3580 657 3635 lectoris
668 3597 718 3635 om
737 3581 762 3636 0
855 3581 1034 3650 unisqniso
1126 3582 1203 3636 audit
1218 3583 1269 3639 ΟΒ
1354 3583 1369 3636 'l
1383 3585 1413 3638 et

278 3667 409 3721 societate
425 3667 447 3721 0
526 3667 592 3737 Set]
605 3669 635 3721 et
645 3667 707 3721 tidei
723 3665 747 3735 Q
834 3669 867 3721 11
877 3669 958 3736 prius
970 3669 998 3722 et
1009 3683 1060 3722 osor.
1076 3669 1100 3723 0
1179 3669 1212 3722 12
1224 3669 1365 3737 prebentes
1376 3685 1413 3724 a

277 3752 449 3822 perhibentes
464 3753 488 3807 0
555 3754 741 3824 congressione
753 3754 800 3820 Π,
820 3753 1014 3823 congressionis
1030 3753 1053 3808 Ο
1121 3753 1194 3823 pacis
1210 3756 1233 3810 0
1249 3755 1297 3809 scd
1315 3772 1327 3808 s
1344 3759 1412 3810 M

277 3837 341 3891 odd.
423 3839 595 3908 congruentis
608 3840 645 3905 N,
658 3839 889 3910 congruentieuO
968 3841 1001 3895 16
1012 3841 1054 3910 ut]
1067 3843 1095 3894 ot
1106 3844 1139 3894 ut
1150 3841 1179 3896 R
1260 3842 1292 3899 1‘1
1305 3857 1362 3896 esse
1374 3859 1412 3898 ca·

277 3925 320 3976 est
328 3939 356 3999 so
365 3923 393 3977 P
456 3924 500 3980 hie
512 3940 562 3980 om.
576 3925 627 3981 OB
689 3943 733 3981 eos
745 3914 863 3981 christris
875 3925 905 3980 in
916 3925 1028 3980 ecelesia
1039 3942 1097 3981 esse
1108 3926 1156 3982 diu
1169 3929 1193 3984 0
1249 3927 1339 3982 noluit
1348 3927 1375 3982 R

278 4008 313 4062 18
324 4008 459 4078 quendam
470 4009 498 4065 R
583 4013 616 4065 ut
626 4012 668 4071 ite
678 4012 792 4067 dixemus
808 4013 869 4081 Οὐ,
882 4027 933 4066 om.
946 4012 988 4068 Ν1
1078 4013 1299 4068 resurrectionem
1311 4014 1340 4069 R

278 4091 424 4148 incolomes
440 4095 532 4152 O¹PR
612 4097 647 4151 19
658 4098 688 4152 iu
699 4099 809 4168 honore]
821 4097 921 4152 honore
934 4098 962 4154 R
1039 4097 1069 4152 in
1079 4099 1163 4168 hum]
1177 4099 1335 4154 humilitate
1352 4101 1374 4156 0

276 4178 313 4233 20
329 4179 380 4234 hoc
395 4181 426 4236 0·
527 4181 617 4237 mem
628 4182 656 4237 P
751 4184 937 4239 fraternitatis
955 4187 1028 4239 scota
1049 4185 1102 4254 Q’v
1119 4185 1286 4254 (fraternitas
1304 4187 1411 4240 mensa

280 4263 367 4335 ΜΨ)
456 4267 490 4321 21
502 4267 686 4322 committetur
701 4269 725 4325 0
808 4269 860 4324 hoe
875 4271 908 4326 θ’
995 4271 1094 4340 umen]
1108 4272 1239 4328 autemG
1320 4272 1356 4326 23
1367 4272 1412 4326 lu·

276 4354 356 4405 ceant
371 4353 405 4408 0²
426 4426 444 4438 .
482 4353 665 4438 gloriosique*
743 4356 779 4410 24
789 4356 862 4410 omni
876 4355 1023 4426 LNPQV,
1033 4357 1107 4412 omni
1118 4357 1290 4412 morniaco
1306 4358 1375 4414 cao

277 4437 313 4492 25
323 4437 442 4506 presbitr
452 4439 551 4493 honore
567 4441 591 4496 0
657 4441 718 4510 uos]
730 4457 783 4496 uon
796 4441 825 4498 R
