3242 5159
523 540 704 610 Epistulae
728 536 819 594 VIII.
838 555 860 597 o.
879 539 954 592 1-3.
1235 541 1298 606 487

173 697 316 780 pluribus
339 717 358 763 a
377 696 466 762 nobis
481 697 520 762 ad
542 715 597 762 uos
615 697 811 762 uenientibus
826 696 971 779 quoniam
993 715 1029 761 ea
1050 697 1152 762 omnia
1166 716 1221 763 nos
1235 698 1300 764 Deo

175 800 343 865 adiuuante
359 801 390 865 st
404 801 535 865 fecimus
550 801 581 865 et
596 799 728 865 fecimus
744 819 814 865 cum
830 800 914 864 omni
937 799 1144 865 sollicitudine
1166 803 1197 865 et
1217 803 1300 883 peri·

174 905 243 969 culo
258 903 406 969 saeculari
422 905 494 968 ante
516 905 620 969 oculos
634 903 705 985 plus
727 903 875 968 habentes
897 903 1040 967 timorem
1056 903 1114 968 Dei
1135 904 1167 968 et
1188 923 1300 988 paenas

172 1007 336 1090 perpetuas
351 1025 445 1089 qaam
459 1007 605 1071 timorem
616 1006 780 1087 hominum
796 1007 828 1070 et
842 1006 967 1070 breuem
983 1006 1140 1085 iniuriam,
1163 1025 1223 1072 non
1245 1009 1299 1072 de-

153 1110 309 1175 sserantes
331 1109 557 1175 fraternitatem
581 1111 613 1174 et
633 1107 791 1174 hortantes
813 1127 864 1174 eos
886 1111 966 1174 stare
989 1109 1102 1174 iulide
1124 1110 1156 1175 ct
1177 1110 1300 1194 paratos

175 1232 240 1279 esee
262 1214 373 1279 debere
394 1213 440 1278 ire
462 1231 533 1277 cum
554 1212 694 1277 Domino.
733 1213 787 1277 sed
809 1214 842 1276 et
863 1211 1059 1277 ascendentes
1081 1212 1120 1277 ad
1141 1215 1198 1278 hoo
1218 1215 1299 1297 qnod

173 1317 423 1399 conpellebantnr
444 1316 665 1381 reuocanimns.
697 1316 826 1381 ecclesia
847 1317 911 1380 stat
932 1315 1053 1381 fortiter
1078 1317 1111 1380 in
1133 1316 1202 1402 fide,
1225 1316 1301 1384 licet

173 1420 300 1502 quidam
325 1421 441 1485 terrore
455 1421 523 1502 ipso
538 1418 687 1503 conpulsi,
710 1418 776 1483 siue
790 1419 872 1502 qnod
887 1420 989 1484 essent
1003 1418 1138 1502 insignes
1153 1437 1299 1501 personae

173 1524 241 1588 siue
263 1523 444 1605 adprehensi
466 1523 578 1588 timore
599 1521 776 1600 hominum,
798 1524 942 1600 ruerunt:
965 1540 1041 1604 quos
1063 1522 1188 1605 quidem
1210 1541 1299 1606 sepa·

137 1655 164 1695 ro
172 1628 256 1692 ratos
271 1645 290 1690 a
303 1626 391 1691 nobis
405 1642 465 1691 non
481 1625 712 1708 dereliquimus,
727 1624 781 1690 sed
795 1625 879 1708 ipsos
894 1625 1044 1691 cohortati
1059 1645 1166 1692 sumus
1182 1630 1214 1692 et
1229 1626 1300 1691 hor-

171 1731 276 1795 tamur
297 1747 388 1814 agere
409 1729 645 1812 paenitentiam,
671 1729 699 1792 si
721 1746 780 1810 qno
802 1727 893 1793 modo
915 1729 1143 1812 indulgentiam
1165 1731 1300 1813 poterint
1336 1767 1340 1776 ·
1425 1753 1429 1762 ·

170 1832 357 1915 recipereah
373 1832 476 1914 coqui
497 1832 600 1914 potest
618 1833 783 1915 praestare,
805 1849 844 1897 ne
859 1831 886 1896 si
908 1831 1009 1896 relicti
1030 1831 1180 1898 fuerinta
1200 1833 1298 1912 nobie,
1473 1917 1479 1928 ι

170 1935 289 2017 peiores
305 1934 489 2001 efficiantur.

215 2037 337 2103 Videtis
359 2056 447 2122 ergo,
476 2037 604 2116 tratres,
631 2037 776 2121 qnoniam
797 2039 829 2103 et
848 2056 904 2102 uos
923 2039 981 2104 hoo
996 2038 1094 2104 facere
1109 2038 1236 2117 debetis,
1263 2039 1329 2104 ut3

137 2166 163 2207 n
174 2140 269 2206 etiam
280 2141 329 2205 illi
341 2141 394 2223 qai
407 2141 589 2221 ceciderunt,
601 2143 727 2207 hortatu
738 2143 842 2207 uestro
854 2141 1041 2226 corrigentes
1052 2143 1171 2207 animos
1182 2159 1298 2223 eorum,

171 2245 199 2309 si
216 2244 396 2328 adprehensi
411 2244 528 2311 luerim
539 2245 649 2311 iterato
665 2245 877 2325 confiteantur,
892 2247 929 2310 ut
940 2245 1059 2328 possint
1071 2245 1204 2327 priorem
1216 2263 1298 2310 erro-

169 2367 235 2412 rem
250 2349 411 2432 corrigere,
434 2349 466 2413 et
480 2349 543 2413 alia
557 2367 636 2431 qnae
656 2348 841 2414 incumbunt
854 2349 952 2426 nobis,
976 2367 1054 2431 qnae
1076 2349 1171 2413 etiam
1187 2349 1218 2412 et
1231 2349 1299 2432 ipsa

75 2461 82 2472 ·
171 2451 376 2530 subdidimus,
399 2453 436 2515 ut
450 2451 478 2517 si
492 2451 525 2515 hi
541 2451 594 2534 qui
609 2452 643 2515 in
657 2451 736 2516 hanc
750 2451 984 2533 temptationem
1001 2452 1178 2516 inciderunt
1192 2468 1299 2533 coepe-

168 2554 234 2618 rint
262 2553 449 2638 adprehendi
471 2553 653 2619 infirmitate
676 2554 707 2618 et
729 2555 824 2637 agant
845 2554 1068 2635 paenitentiam
1091 2553 1166 2618 facti
1196 2555 1245 2620 sui
1267 2554 1298 2620 et

138 2679 164 2720 so
174 2656 348 2722 desiderent
363 2657 618 2735 communionem,
633 2656 742 2739 ntique
752 2657 914 2722 subueniri
923 2656 967 2724 eis
982 2656 1089 2722 debet:
1106 2657 1172 2722 siue
1187 2657 1299 2722 uiduae

174 2759 241 2824 sine
261 2759 447 2824 thlibomeui
461 2759 516 2842 qui
530 2778 563 2824 se
578 2759 719 2824 exhibere
732 2777 794 2824 non
807 2761 936 2842 possunt
951 2759 1018 2825 siue
1030 2759 1066 2824 hi
1080 2761 1134 2842 qui
1149 2760 1182 2825 in
1197 2778 1299 2826 carce-

223 2998 347 3068 lplures
363 2999 389 3052 Τ
455 2998 561 3066 alexae
630 2999 724 3053 adnos
739 2999 795 3069 Tro,
815 2998 966 3069 addnosp
1035 3000 1173 3055 uenientes
1190 3001 1218 3067 Τ,
1238 3017 1299 3057 con·

171 3084 296 3138 ueniente
307 3086 333 3153 p‘
390 3085 431 3154 ea]
443 3100 503 3139 mea
516 3086 542 3137 Τ
611 3085 792 3155 hiuuautep
864 3085 1020 3155 3plusom.
1035 3103 1104 3158 opto
1175 3087 1298 3159 4magis
1415 3075 1418 3084 Δ

168 3185 249 3240 quam
261 3191 289 3241 μ,
307 3187 386 3240 quem
398 3188 423 3225 w
491 3171 569 3226 deos
582 3173 664 3242 stare]
677 3174 800 3241 emarep
864 3171 882 3229 6
901 3172 994 3227 debere
1007 3189 1135 3243 amomo
1197 3174 1242 3229 sed
1260 3175 1297 3243 et]

168 3255 262 3311 sedent
277 3258 307 3321 Τ,
325 3256 372 3311 sed
384 3277 435 3328 φμ,
455 3257 503 3312 sed
519 3259 548 3312 et
564 3259 592 3311 te
610 3275 635 3312 w
704 3257 887 3336 ascendentes]
906 3259 1058 3314 accedentes
1076 3280 1104 3328 μ,
1123 3258 1215 3314 dentes
1227 3278 1251 3314 ao

168 3343 203 3398 ad
215 3359 264 3397 ora
277 3361 311 3412 ro,
330 3343 397 3413 abp
455 3344 471 3397 7
489 3344 698 3415 compellebatur
711 3365 743 3411 φ,
760 3344 979 3413 conpellabantnr
994 3345 1020 3399 Τ
1070 3346 1182 3401 ecclesia
1193 3348 1250 3400 stat
1266 3347 1296 3411 Τ,

169 3430 281 3484 ecclesia
291 3431 347 3484 ista
358 3450 389 3499 φ,
408 3434 436 3485 et
453 3431 592 3485 ecclesiam
609 3432 692 3485 istam
702 3447 737 3500 ro,
755 3433 880 3486 ecclesias
897 3435 930 3486 ut
941 3452 961 3502 μ
1036 3433 1144 3486 fortiter
1161 3449 1211 3487 om.
1230 3449 1247 3488 o

166 3515 197 3571 in
210 3515 289 3571 fidem
302 3537 334 3586 φ,
351 3519 455 3571 sarem
466 3516 558 3572 infide
570 3538 599 3589 μ,
614 3518 644 3571 in
661 3518 712 3573 lide
723 3518 906 3572 roborauimua
918 3535 943 3572 w
999 3519 1017 3574 8
1033 3518 1131 3573 terrori
1146 3519 1187 3588 Τμ
1238 3533 1298 3586 per-

166 3617 232 3656 sona
247 3603 273 3656 Τ
345 3603 363 3656 9
380 3603 477 3657 timore
494 3603 688 3673 apprehensio
755 3605 876 3675 ruerunt]
895 3607 1049 3659 uererentur
1061 3607 1124 3675 poan
1194 3619 1298 3673 sepera-

165 3690 209 3743 tos
221 3709 243 3757 φ
303 3689 340 3748 10
355 3689 566 3758 derelinquimus
576 3707 645 3759 φμω
709 3690 755 3746 sed
767 3694 795 3745 et
807 3712 828 3761 μ
892 3694 920 3746 et
931 3693 1100 3747 cohortamur
1113 3711 1141 3761 μ,
1160 3707 1210 3744 om.
1224 3711 1245 3759 φ

167 3776 202 3832 11
221 3775 255 3845 si]
280 3774 326 3829 sed
349 3797 370 3838 φ
449 3777 568 3844 poterint
581 3777 642 3846 lp,
660 3778 790 3846 petierint
810 3795 843 3843 ao,
861 3780 988 3848 poterunt
1010 3795 1062 3846 φης
1081 3779 1117 3845 cf.
1131 3778 1243 3834 Lactora.
1266 3779 1298 3833 in

171 3861 469 3927 GaiamL146ra15
532 3862 566 3915 12
583 3863 770 3932 reciperintl',
789 3865 915 3933 consequi
927 3864 986 3931 (sed
997 3870 1064 3918 arcte
1075 3864 1235 3935 poterintlp

164 3962 199 4001 na
219 3948 253 4018 si]
273 3948 328 4001 nisi
344 3949 392 4002 Tro
460 3946 553 4001 delicti
566 3967 589 4017 φ
652 3949 686 4002 13
703 3949 806 4018 peiores
824 3967 853 4004 se
867 3951 896 4015 Τ,
914 3950 1014 4020 priores
1026 3968 1050 4005 w
1114 3951 1147 4005 15
1165 3951 1259 4020 etiam]
1271 3954 1299 4006 et

164 4061 254 4125 ame
311 4059 460 4114 aomar
513 4062 635 4129 nostroe
694 4061 729 4114 1o
746 4027 879 4132 tersit,
924 4057 1008 4132 ηιμ,
1026 4061 1165 4132 aaran
1210 4065 1298 4135 priore

165 4161 253 4200 errore
274 4146 299 4198 Τ
361 4147 394 4200 17
412 4147 579 4217 corriperep
648 4147 754 4218 aliona
819 4147 903 4218 quip
972 4149 1160 4218 inconstanta
1231 4167 1298 4221 quae

165 4233 554 4303 oar.w;quaeetiamom.o
614 4235 736 4304 etorap
803 4235 1190 4306 18siiiao,sibil'p,sio>a
1247 4239 1298 4292 hac

164 4317 342 4386 temptatione
357 4319 427 4387 Τφω
484 4318 663 4390 inciderentp
720 4323 863 4390 coeperunt
878 4322 970 4392 Τφμω
1016 4323 1050 4376 19
1064 4323 1262 4392 apprehensitp

164 4401 320 4460 infirmitati
338 4405 369 4469 Τ,
388 4401 577 4475 affirmitatip
637 4408 759 4477 agentp
817 4407 853 4463 20
872 4407 911 4462 eis
932 4423 1024 4477 σηιμ
1083 4409 1118 4465 21
1136 4408 1298 4484 thlibomeni

165 4489 236 4543 coni
261 4489 422 4560 Respectus,
446 4490 607 4547 thilbomeni
624 4514 653 4564 μ,
678 4492 820 4549 clidomeni
840 4493 869 4560 Τ,
895 4493 1057 4550 chlidomeui
1076 4513 1131 4565 ow,
1154 4494 1297 4550 clinomeni

166 4577 238 4632 coni
258 4576 401 4632 Pometios
457 4576 539 4647 hilp
