3242 5159
755 500 901 558 Caecilii
926 499 1089 571 Cypriani

617 758 983 873 EPISTVLA
1019 756 1236 883 LXXV.

500 964 738 1021 alamanniae
756 961 1094 1021 malitiosarum
1110 961 1153 1015 IN
1170 961 1324 1019 Domo
1343 960 1376 1014 S.

334 1145 347 1207 l
405 1138 590 1219 Accepimus
616 1156 670 1219 per
694 1136 906 1221 Rogatianum
932 1136 1130 1201 carissimum
1155 1138 1304 1199 nostrum
1336 1135 1513 1200 dmconum
1581 1161 1582 1224 p

363 1240 484 1309 anobis
507 1240 638 1304 missum
659 1238 781 1303 litteras
802 1256 879 1321 quas
894 1238 935 1303 ad
949 1256 1004 1305 nos
1019 1238 1132 1317 fecisti,
1154 1238 1253 1303 frater
1274 1238 1509 1306 dilectissime.
1581 1253 1582 1290 o

365 1346 397 1409 et
411 1344 528 1429 gratias
543 1344 667 1425 propter
681 1341 756 1407 haec
770 1342 836 1407 Deo
851 1342 1002 1407 mammas
1016 1342 1139 1426 egimm
1155 1341 1240 1425 quod
1254 1342 1450 1427 contigerit,
1472 1358 1528 1405 ms

363 1446 416 1531 qui
440 1464 564 1529 corporo
585 1446 623 1511 ab
645 1446 781 1511 inuicem
803 1464 984 1527 separamur
1007 1446 1052 1509 sic
1074 1446 1189 1529 spiritu
1211 1446 1401 1511 adunemur
1421 1447 1511 1528 qnasi

362 1568 421 1617 non
437 1570 532 1615 unam
547 1550 671 1613 tantum
685 1548 843 1633 regionem
859 1550 1010 1627 tenentes,
1026 1549 1081 1614 sed
1096 1550 1129 1613 in
1144 1550 1213 1631 ipsa
1226 1549 1327 1630 atque
1342 1548 1382 1613 in
1398 1548 1510 1613 adem
1582 1519 1584 1618 i

363 1654 454 1719 domo
475 1652 570 1717 simul
585 1650 804 1717 inhabitantes.
827 1652 909 1734 qood
923 1654 955 1717 et
970 1653 1059 1718 decet
1073 1651 1184 1726 dicare,
1206 1650 1281 1733 quia
1296 1653 1334 1715 et
1349 1651 1510 1733 spiritalis

363 1756 472 1820 comus
487 1754 545 1819 Dei
566 1774 627 1819 una
644 1754 700 1819 est.
724 1753 802 1819 erit
824 1754 925 1819 enim
947 1755 986 1819 in
1007 1754 1254 1831 nouissimis,
1276 1754 1338 1830 ait,
1363 1753 1511 1819 diebus

363 1857 597 1923 manifestus
619 1874 724 1923 mons
747 1857 903 1922 Domini
925 1860 963 1923 et
984 1857 1115 1923 domna
1136 1856 1208 1921 Dei
1230 1874 1353 1939 super
1377 1859 1540 1925 uerti-o

363 1980 423 2025 ces
437 1960 636 2025 montium.
657 1960 689 2025 in
705 1978 766 2043 qna
780 1958 995 2025 conuenientes
1010 1979 1082 2025 cum
1097 1958 1290 2025 iocunditate
1305 1958 1508 2039 adunantur,

366 2062 534 2129 secundum
549 2062 630 2145 quod
645 2064 677 2129 ot
692 2062 724 2127 in
739 2062 858 2143 psalmo
872 2062 930 2127 hoc
943 2064 1121 2145 postulatur
1134 2082 1154 2126 a
1165 2062 1301 2128 Domino
1317 2062 1509 2131 inhabitare

363 2166 396 2231 in
412 2166 502 2229 domo
512 2164 571 2230 Dei
586 2182 639 2247 per
653 2182 759 2229 omnes
774 2166 842 2230 dies
857 2166 950 2230 uitae.
966 2164 1048 2229 unde
1059 2167 1091 2229 et
1102 2166 1135 2229 in
1150 2164 1213 2229 alio
1227 2166 1294 2231 looo
1310 2167 1508 2233 manifesta·

363 2270 432 2334 tum
441 2271 491 2334 est
506 2286 571 2333 osse
587 2267 669 2349 apud
684 2269 805 2333 sanctos
821 2287 969 2353 magnam
983 2266 1155 2333 uoluntatis
1170 2268 1340 2333 caritatem
1352 2270 1391 2333 in
1404 2290 1506 2335 unum

364 2372 533 2437 conuomre.
574 2389 674 2447 ecce,
708 2370 821 2453 inquit,
855 2388 964 2453 quam
996 2369 1134 2435 bonum
1167 2372 1206 2434 et
1237 2370 1538 2455 uoluptabilea

363 2475 421 2539 est
443 2476 486 2539 ut
508 2473 688 2539 habitent
710 2472 854 2538 fratres
876 2474 915 2538 in
936 2493 1060 2538 unum.

335 2580 353 2642 2
407 2577 564 2643 Adunatio
594 2576 677 2642 enim
702 2580 733 2641 et
758 2596 819 2661 pax
844 2580 875 2642 et
901 2577 1064 2643 concordia
1090 2594 1151 2641 non
1178 2578 1282 2643 solnm
1311 2578 1505 2644 hominibus

365 2680 509 2745 fidelibus
521 2681 553 2745 ot
564 2679 818 2765 cognoscentibus
833 2681 998 2745 ueritatem
1009 2680 1064 2744 sed
1076 2682 1108 2746 et
1118 2680 1240 2765 angelis
1254 2680 1336 2764 ipsis
1351 2682 1505 2747 caelesti·

364 2784 422 2847 bns
443 2782 636 2866 uoluptatem
657 2783 825 2849 maximam
845 2784 992 2865 praestat,
1014 2784 1127 2866 quibas
1148 2784 1227 2849 dicit
1248 2802 1353 2849 sermo
1369 2785 1504 2850 diuinus

364 2904 429 2952 osse
444 2886 593 2970 gandium
605 2886 709 2951 inuno
724 2888 882 2968 peccatore
896 2886 1121 2968 paenitentiam
1136 2888 1247 2972 agente
1262 2889 1294 2951 et
1304 2886 1348 2951 ad
1362 2888 1502 2953 unitatis
1511 2906 1536 2944 e

366 2989 527 3054 uinculum
549 2990 729 3055 reuertente.
755 2989 836 3070 qnod
858 2989 965 3071 utique
985 3008 1046 3055 non
1061 2990 1215 3055 diceretur
1229 2991 1267 3055 de
1282 2991 1412 3074 angelis
1427 3010 1503 3055 oon·

366 3092 572 3157 narrationem
587 3092 620 3157 in
635 3092 728 3157 caelis
751 3091 944 3175 habentibus,
968 3092 1029 3159 nisi
1051 3092 1113 3176 ipsi
1135 3111 1257 3176 quoqne
1279 3094 1385 3157 emant
1408 3094 1503 3161 nobis

366 3193 564 3277 adunationi
580 3196 684 3260 nostra
698 3194 882 3260 adunatione
898 3195 1063 3274 laetentur,
1086 3196 1167 3260 sicut
1182 3215 1199 3259 e
1214 3196 1370 3261 contrane
1386 3198 1501 3281 utique

368 3297 597 3380 contristantur,
628 3297 749 3379 quando
779 3298 891 3364 uident
919 3299 1056 3364 diuersas
1087 3296 1282 3381 qiuornndam
1310 3300 1440 3365 mentes
1470 3306 1500 3365 et

367 3400 476 3467 scissas
503 3400 690 3479 uoluntates,
719 3400 807 3484 quasi
833 3418 894 3466 non
919 3403 1044 3467 tentum
1069 3420 1166 3466 unum
1189 3404 1222 3467 et
1244 3401 1378 3468 eundem
1393 3402 1532 3469 Denma

468 3622 485 3675 9
503 3620 546 3675 aa.
565 3624 591 3687 a,
608 3622 633 3677 2.
704 3622 737 3675 15
754 3621 798 3675 Pa.
817 3620 877 3686 122,
896 3624 920 3677 1.

419 3826 505 3897 Epist.
517 3826 622 3881 LXXV.
636 3856 669 3866 —
681 3826 782 3897 Incipit
794 3827 914 3897 epistola
925 3828 1079 3883 Firmiliaui
1092 3828 1126 3882 ad
1137 3828 1303 3898 Cyprienum
1315 3844 1339 3895 o,
1357 3830 1501 3887 Firmilia·

368 3929 419 3967 nos
431 3912 464 3967 ad
474 3914 669 3983 Cyprianuml.
682 3913 785 3983 Incipit
795 3913 896 3969 Caecili
913 3914 1040 3985 cypriani
1052 3914 1085 3969 ad
1097 3914 1228 3981 antum
1239 3915 1359 3970 feliciter
1370 3916 1402 3987 Q,
1415 3920 1499 3973 inser

370 3998 772 4053 onan-ammoniacem
829 3984 1332 4070 ldilectiasimestffeoiarusma
1394 4004 1501 4074 biraco]

369 4084 448 4139 hoco
527 4085 634 4140 domino
644 4102 667 4150 o,
680 4069 781 4151 dsso‘M,
794 4068 880 4157 doss‘Q
965 4086 1062 4157 lipsa]
1076 4104 1129 4141 nna
1140 4087 1197 4142 cod.
1213 4088 1356 4143 Goelurtii
1445 4092 1501 4145 iliu

369 4184 419 4225 om.
432 4168 464 4223 Ε
539 4172 590 4241 ait]
603 4170 733 4241 propheta
744 4172 839 4227 adae
926 4174 1127 4244 11qo21quem
1139 4174 1218 4229 EIou
1299 4175 1333 4228 12
1344 4178 1376 4229 at
1387 4192 1470 4233 cm

369 4254 403 4308 14
414 4255 565 4326 mritatem]
578 4257 745 4313 ahcritatem
757 4258 828 4313 coni
840 4258 934 4313 Βονϋι
1036 4258 1276 4329 1auoluptobi1em
1290 4259 1314 4330 Q
1414 4264 1453 4317 16
1463 4266 1503 4319 in·

368 4340 544 4498 mfflffq
622 4344 655 4398 19
667 4344 897 4415 nolumptatemQ
998 4345 1169 4414 wageriam
1181 4344 1256 4416 ΜΟ*
1365 4348 1402 4402 21
1414 4366 1504 4405 muer·

368 4430 415 4480 ten
548 4433 554 4465 ¹
