3242 5159
481 536 640 606 Epistula
658 534 1013 591 invni-axium.
1247 541 1309 605 ‘149

184 691 318 759 sciamus
338 692 378 757 ad
399 710 492 774 quem
512 690 624 757 iratres
638 692 759 757 nostros
774 690 908 777 dirigere
929 693 961 756 et
982 691 1033 757 cui
1052 693 1185 760 scrihere
1200 693 1311 763 debea-

185 813 264 861 mus.
280 796 351 877 opto
371 796 412 879 te,
428 794 525 861 irater
540 795 706 875 camsime,
723 812 843 877 semper
857 794 935 861 hene
950 795 1062 861 umere.

398 1102 765 1215 EPISTVLA
801 1102 1097 1214 LXVIIII.

494 1322 696 1381 cruciariis
714 1323 843 1379 MAGNO
860 1323 960 1380 malo
978 1322 1004 1377 S.

164 1558 175 1595 e
228 1533 290 1597 Pro
305 1534 361 1598 tua
372 1532 694 1618 religiosaiiligentia
705 1532 889 1598 consuluisti
901 1532 1149 1598 mediocritatem
1161 1533 1312 1611 nestram,
1328 1544 1341 1606 1

186 1634 233 1701 fili
249 1635 416 1715 carissime,
432 1654 471 1701 an
484 1635 565 1701 inter
580 1637 695 1701 ceteros
710 1636 882 1701 haereticos
897 1654 949 1701 eos
964 1652 1085 1718 quoque
1101 1636 1155 1719 qni
1170 1654 1190 1701 a
1204 1634 1312 1702 Nona·

187 1739 272 1805 tiano
287 1740 417 1805 ueniunt
430 1742 501 1823 post
515 1738 679 1823 profanum
695 1740 761 1805 eins
784 1740 946 1805 laneorum
968 1739 1122 1823 baptizari
1144 1740 1176 1805 et
1195 1740 1312 1805 sancti-

186 1840 272 1908 ficari
293 1842 327 1907 in
347 1842 477 1909 ecclesia
497 1842 649 1908 catholica
669 1841 813 1922 legitimo
837 1843 869 1907 et
889 1860 963 1908 uero
990 1843 1023 1907 et
1047 1842 1137 1908 unico
1165 1843 1313 1909 ecclesiae

186 1946 341 2028 baptismo
366 1946 514 2028 oporteat.
542 1945 580 2010 de
601 1963 662 2028 qna
681 1962 714 2010 re
740 1947 893 2027 quantum
918 1944 992 2011 fidei
1017 1947 1141 2011 nostrae
1161 1945 1314 2027 capacitas

157 2071 183 2110 ιο
192 2050 224 2114 et
238 2048 460 2131 scripturarum
477 2048 653 2113 diuinarum
668 2048 818 2113 sanctitas
833 2066 869 2113 oc
883 2048 998 2114 ueritas
1013 2049 1164 2133 suggerit
1180 2048 1314 2114 dicimus

188 2169 293 2219 omnes
315 2152 440 2218 omnino
454 2152 625 2218 haereticos
640 2152 673 2216 et
686 2151 902 2217 schismaticos
917 2150 998 2216 nihil
1016 2151 1130 2217 habere
1149 2150 1314 2234 potestatis

188 2275 224 2321 ac
238 2255 325 2321 iuris.
349 2258 475 2339 propter
496 2255 578 2338 quod
598 2254 792 2321 Nouatianns
812 2274 870 2320 nec
891 2254 982 2320 debet
1005 2274 1061 2320 nec
1087 2256 1191 2337 potest
1214 2256 1313 2339 excipi

189 2377 249 2441 quo
262 2359 366 2424 minus
381 2360 449 2443 ipse
465 2376 585 2442 quoqne
602 2360 688 2424 entra
702 2358 866 2424 ecclesiam
887 2359 1057 2424 consistens
1079 2358 1111 2423 ot
1131 2359 1237 2424 contra
1256 2376 1313 2440 pa·

16 2535 19 2544 ,
191 2480 258 2528 cem
285 2480 321 2527 ac
347 2462 545 2528 dilectionem
567 2460 684 2527 Christi
704 2461 821 2527 faciens
845 2462 927 2526 inter
952 2462 1145 2527 aduersarios
1170 2462 1203 2526 et
1230 2461 1313 2527 anti-

26 2561 31 2571 '
155 2591 179 2629 re
190 2566 321 2631 christos
342 2565 535 2649 conputetur.
557 2583 656 2647 neque
678 2564 761 2629 enim
776 2555 930 2630 Dominus
949 2566 1054 2630 noster
1067 2565 1154 2630 Iesns
1169 2562 1313 2629 Christus

189 2686 260 2733 cum
275 2668 308 2732 in
324 2668 485 2752 euangelio
501 2686 556 2733 sno
572 2668 741 2733 testaretur
757 2667 900 2732 inimicos
915 2686 986 2734 snos
1001 2685 1067 2731 esse
1079 2684 1131 2733 eos
1142 2667 1197 2750 qni
1208 2686 1313 2733 secum

188 2788 250 2836 non
276 2772 377 2836 essent
403 2771 541 2853 aliquam
568 2771 702 2853 speciem
727 2771 887 2836 haereseos
913 2770 1100 2855 designauit,
1127 2772 1181 2837 sed
1207 2789 1313 2837 omnes

191 2874 314 2939 omnino
335 2874 389 2956 qni
409 2892 514 2939 secum
529 2892 590 2939 non
605 2874 708 2939 essent
729 2876 761 2939 et
781 2892 887 2939 secum
905 2892 968 2939 non
989 2874 1171 2959 colligentes
1185 2892 1313 2959 gregem

241 3180 300 3235 lad
312 3166 363 3250 que
374 3198 410 3237 ex
421 3181 516 3251 adq.C
634 3182 759 3251 scrihere]
772 3184 874 3237 seruire
885 3182 914 3235 Z
1032 3182 1163 3251 tsemper
1174 3181 1200 3235 b.
1213 3181 1314 3250 ualere]
1399 3196 1413 3215 ⁸

189 3282 293 3337 semper
310 3268 409 3322 hahere
420 3270 447 3321 te
458 3268 525 3321 hene
542 3282 590 3321 nec
605 3282 658 3321 non
670 3267 699 3321 in
711 3251 772 3321 dno
781 3270 870 3323 ualere
883 3268 914 3322 Z.
929 3298 959 3309 -
973 3267 1092 3337 Explicit
1102 3266 1137 3321 ad
1149 3266 1315 3337 Stephanum

191 3353 264 3419 (aad.
285 3353 323 3406 Z:
346 3354 378 3407 de
398 3353 533 3407 Martiano
556 3354 705 3408 arelatense
728 3355 776 3423 qui
799 3355 930 3409 hereticos
953 3355 1063 3423 recepit)
1083 3354 1133 3418 Ζο,
1158 3352 1276 3423 Explicit
1296 3354 1315 3417 i,

189 3454 239 3494 osa.
255 3439 300 3511 Op.
315 3468 346 3479 -

243 3524 329 3595 llpist
342 3522 481 3579 LXVIIII.
500 3556 531 3565 -
544 3524 646 3595 Incipit
666 3524 699 3579 de
718 3524 764 3579 his
785 3526 833 3594 qui
851 3526 880 3579 in
897 3526 966 3579 lecto
986 3526 1184 3593 conseqnnntnr
1195 3523 1244 3593 80
1260 3524 1316 3578 aiei

191 3612 264 3682 quoa
286 3611 422 3682 praepa
442 3626 503 3681 om„
523 3612 626 3681 nepa
646 3611 681 3666 ee
699 3612 830 3683 nagnam
850 3611 883 3666 aa
900 3612 1052 3667 acuam
1074 3592 1213 3679 ‹nocte›
1230 3608 1315 3673 aaa,

190 3698 292 3768 Incipit
312 3697 345 3752 ad
357 3697 486 3767 Magnum
506 3698 539 3755 de
550 3698 704 3753 Nouatianc
716 3698 749 3753 de
771 3700 810 3767 (et
821 3697 855 3753 de
865 3698 902 3766 R)
923 3698 967 3752 his
987 3700 1034 3767 qni
1051 3697 1081 3751 in
1097 3697 1167 3751 lecte
1185 3695 1317 3764 (gratim

191 3785 256 3840 add.
267 3786 304 3840 Μ
313 3800 335 3838 a.
348 3784 366 3838 1.
377 3800 411 3838 na
424 3786 455 3852 Β)
467 3787 642 3839 consecuntur
651 3784 722 3841 MR.
735 3814 769 3825 -
780 3786 799 3839 4
809 3784 867 3839 filio
878 3799 928 3838 occ
940 3782 964 3839 S
1030 3783 1046 3836 1
1058 3782 1171 3837 ueniant
1179 3781 1283 3852 OPQR

190 3870 358 3941 prophanum
371 3868 409 3925 Se
516 3871 545 3923 et
556 3884 605 3925 om
620 3870 643 3925 0
744 3872 772 3924 et
783 3869 944 3925 sanctificari
955 3884 1005 3924 om
1020 3868 1045 3924 S
1148 3868 1317 3923 8eccleeiam

191 3956 354 4012 catholicam
366 3956 489 4026 legitime
501 3972 564 4010 nero
576 3959 604 4010 et
615 3972 667 4011 uno
679 3956 709 4020 0,
722 3971 773 4011 oen.
786 3954 815 4012 R
921 3954 1143 4024 9hsptissim08
1243 3953 1315 4022 fidei]

192 4042 254 4098 fidei
267 4043 408 4114 quoqneQ
488 4042 561 4097 noeti
572 4042 609 4097 M
618 4045 734 4112 (nostrae
749 4042 783 4113 Q)
866 4042 899 4095 11
910 4041 1010 4111 omnes]
1023 4024 1109 4096 (ere‘O
1187 4039 1317 4095 chrisma·

192 4131 260 4184 ticos
274 4131 306 4186 δ’
411 4132 444 4185 12
456 4129 554 4185 debent
562 4130 592 4186 R
692 4130 752 4200 nec]
765 4145 815 4184 nee
828 4130 856 4183 P
956 4128 991 4182 14
1002 4127 1074 4182 inter
1084 4152 1111 4182 u
1122 4127 1151 4182 L
1161 4127 1200 4181 im
1211 4142 1281 4181 eras.

193 4215 354 4271 antichriste
366 4217 393 4272 L
509 4216 542 4271 16
553 4216 677 4270 inimicos
690 4214 719 4280 S,
731 4213 898 4269 aduemamos
910 4212 1059 4283 cappae
1172 4212 1204 4265 17
1213 4211 1316 4299 Queat]

192 4304 262 4355 esset
275 4302 309 4366 R,
329 4318 385 4357 esec
396 4303 425 4358 L
578 4301 728 4370 haereseos]
746 4300 878 4355 hereticos
899 4299 922 4370 Q
1075 4296 1177 4369 omnes]
1196 4297 1246 4353 (lna
1261 4298 1285 4353 0

192 4387 226 4441 18
237 4388 352 4458 omnino]
364 4388 497 4443 hereticos
509 4388 573 4443 odoi.
587 4388 638 4444 GR
745 4389 836 4441 essent
847 4388 875 4441 et
887 4401 977 4441 eecnm
988 4400 1042 4441 non
1053 4385 1141 4441 emt
1242 4383 1318 4438 colli·

191 4474 286 4542 gerent
299 4474 419 4543 (gregem
431 4490 452 4529 s.
465 4477 622 4544 spargerent
633 4476 695 4542 om.)
708 4472 736 4528 R
