3242 5159
731 485 880 543 Caecilii
902 485 1066 556 Cypriani

522 837 536 874 ,
599 744 985 858 EPISTVLA
1031 743 1197 856 XXV.

575 949 777 1008 criminos
812 927 996 1008 cinnomo
1031 948 1164 1005 enarer
1193 949 1219 1004 e.

374 1123 562 1208 Accepimus
576 1123 700 1190 litteras
714 1125 795 1201 tuae,
810 1121 907 1188 frater
922 1122 1092 1216 carissime,
1108 1123 1187 1189 setis
1202 1122 1322 1191 sobrias
1334 1124 1367 1190 et
1377 1123 1467 1190 inte-

333 1227 460 1313 gritatis
481 1247 518 1296 aa
535 1225 608 1293 fidei
631 1226 748 1311 plenas.
772 1247 830 1293 nec
851 1226 1004 1292 miramur
1025 1225 1053 1291 si
1068 1226 1254 1292 exercitatus
1270 1227 1302 1292 et
1316 1227 1349 1292 in
1363 1228 1470 1310 serip-

332 1331 413 1398 turis
439 1331 604 1397 dominicis
629 1329 747 1413 peritus
773 1331 864 1396 caute
890 1330 995 1396 omnia
1020 1331 1052 1396 ot
1078 1329 1219 1396 consulte
1245 1349 1345 1415 geras.
1376 1331 1493 1398 rectes

332 1436 438 1502 antem
458 1433 584 1501 sensisti
606 1434 687 1500 circa
706 1433 934 1519 inpertiendam
949 1433 1101 1500 iratribus
1115 1434 1231 1502 nostris
1246 1452 1353 1517 pacem
1368 1453 1467 1518 quum

332 1537 393 1605 sibi
414 1537 474 1620 ipsi
495 1557 570 1603 nera
583 1537 777 1620 paenitentia
791 1539 823 1604 et
838 1537 1012 1603 dominicae
1026 1535 1227 1604 confessionis
1242 1536 1343 1622 gloria
1357 1537 1466 1602 reddi·

331 1640 443 1720 derunt
462 1640 657 1706 sermonibus
677 1639 743 1706 suis
765 1639 940 1720 iustificati,
961 1641 1075 1724 quibus
1090 1660 1123 1706 se
1139 1641 1211 1706 ante
1226 1641 1463 1706 damnauerunt.

332 1762 404 1809 cum
418 1761 491 1829 ergo
504 1743 662 1812 abluerint
673 1762 763 1810 omne
774 1743 926 1810 delictum
938 1745 969 1810 et
980 1745 1136 1810 maculam
1147 1745 1282 1828 primam
1294 1743 1465 1811 adsistente

331 1848 393 1915 sibi
407 1847 540 1914 Domino
559 1848 729 1932 posteriore
749 1847 868 1916 uirtute
889 1845 1069 1923 deleucrint
1089 1849 1190 1914 iacere
1211 1848 1297 1914 ultra
1317 1847 1374 1915 snb
1389 1847 1461 1914 dia·
1472 1875 1502 1913 ιο

330 1951 402 2018 bolo
422 1952 510 2035 qnasi
531 1951 681 2036 prostrati
703 1969 764 2018 non
784 1952 908 2032 debent,
934 1953 988 2037 qui
1004 1953 1139 2020 extorres
1154 1953 1232 2018 iacti
1247 1951 1381 2018 etbonis
1395 1953 1462 2018 suis

331 2055 474 2121 omnibns
499 2054 626 2138 spoliati
652 2056 815 2121 erexerunt
835 2074 867 2122 se
888 2056 919 2122 et
942 2073 1013 2122 cum
1029 2053 1153 2122 Christo
1176 2057 1259 2122 stare
1283 2058 1459 2139 coeperunt.

331 2159 425 2241 atque
450 2157 574 2224 utinam
599 2159 645 2224 sic
660 2160 692 2225 et
706 2158 801 2225 ceteri
827 2160 898 2242 post
924 2157 1048 2244 lapsum
1072 2159 1266 2242 paenitentes
1286 2161 1321 2225 in
1340 2161 1460 2225 statum

329 2261 502 2346 pristinum
529 2261 752 2328 reformentur:
779 2279 856 2344 quos
880 2280 962 2329 nnnc
985 2264 1132 2347 urgentes
1156 2265 1188 2329 et
1212 2281 1321 2347 pacem
1342 2264 1460 2329 temere

329 2366 423 2448 atque
443 2365 608 2447 inportune
630 2365 845 2448 extorquentes
868 2366 1021 2448 quomodo
1042 2365 1287 2449 disposuerimus
1301 2367 1338 2431 nt
1352 2365 1457 2446 scires
1469 2393 1497 2432 ιι

328 2469 448 2535 librum
468 2468 529 2534 tibi
549 2488 622 2534 curn
643 2467 788 2553 epistulis
809 2487 938 2535 numero
954 2469 1089 2552 quinque
1103 2469 1178 2534 misi
1193 2488 1270 2552 quas
1284 2470 1324 2536 ad
1339 2469 1458 2535 clerum

330 2573 423 2640 etad
443 2573 566 2657 plebem
589 2575 621 2639 et
641 2571 682 2638 ad
701 2574 856 2656 martyreo
879 2591 999 2656 qnoque
1019 2573 1052 2638 et
1072 2574 1259 2640 confessores
1281 2572 1356 2640 leci:
1380 2590 1458 2655 qnae

330 2676 482 2759 epistulae
503 2676 601 2742 etiam
622 2674 769 2758 plurimis
788 2675 919 2760 collegis
939 2676 1053 2742 nostris
1073 2678 1187 2742 missae
1207 2677 1401 2759 placuenmt,
1425 2677 1458 2741 et

328 2778 552 2862 rescripserunt
573 2799 606 2846 se
627 2795 748 2862 quoque
768 2779 930 2845 nobiseum
951 2779 985 2846 in
1006 2779 1114 2846 eodem
1137 2779 1265 2846 consilio
1285 2779 1456 2846 secundum

328 2881 516 2948 catholicam
530 2881 626 2947 iidem
640 2883 732 2948 stare.
749 2882 831 2966 quod
846 2883 951 2966 ipsum
966 2884 1002 2974 tu
1017 2884 1113 2949 otiam
1128 2883 1168 2949 ad
1183 2882 1320 2967 collegas
1334 2884 1455 2948 nostros
1464 2905 1493 2946 se

328 3002 404 3069 qnos
417 2985 556 3067 potueris
570 2986 777 3065 transmittes,
793 2989 830 3052 nt
841 2986 923 3069 apud
939 3003 1139 3053 omnesones
1155 2989 1244 3053 ectus
1259 2988 1291 3052 et
1304 3005 1367 3052 una
1383 3005 1457 3051 eon·

329 3087 430 3154 sensio
458 3089 627 3154 secundnm
653 3089 780 3155 Domini
809 3091 974 3172 praecepta
1002 3091 1155 3156 teneatur.
1186 3091 1259 3175 opto
1289 3091 1330 3169 te,
1360 3089 1457 3154 frater

328 3188 497 3275 carissime,
513 3210 633 3275 semper
646 3191 723 3258 bene
737 3191 850 3260 ualere.
951 3186 960 3194 ”

379 3431 466 3502 Epist
488 3431 570 3488 XXV.
587 3461 620 3472 -
638 3433 741 3503 Incipit
761 3433 877 3504 epistole
897 3433 1025 3503 Cypriani
1050 3433 1179 3503 (epistole
1199 3449 1249 3489 om.
1269 3435 1309 3501 Io,
1334 3436 1456 3506 cypriani

327 3533 378 3573 orn.
391 3520 418 3588 ο)
429 3517 463 3573 ad
476 3516 634 3575 caldonium
645 3519 743 3584 EITo,
758 3535 808 3574 om.
823 3541 853 3584 ω,
872 3517 993 3574 Secunda
1004 3517 1039 3574 nd
1051 3518 1162 3574 eundem
1174 3519 1271 3590 incipit
1283 3541 1303 3591 μ
1316 3523 1405 3591 (epist.
1419 3527 1456 3577 41

322 3606 500 3675 praemissa).
514 3605 709 3676 -ueoeepip
783 3605 867 3676 lipsi
878 3621 914 3661 ecc
925 3605 985 3676 ipsa
1000 3609 1025 3661 Τ
1089 3606 1286 3676 paenitentiam
1303 3610 1329 3662 T
1393 3623 1455 3664 oon·

326 3691 440 3748 lusionis
455 3695 481 3747 Τ
574 3691 861 3748 8iustiiicatisE¹Tce
953 3696 1016 3749 ante
1027 3709 1110 3765 cnsp
1196 3682 1358 3750 remoueri
1365 3715 1386 3766 μ

325 3778 537 3850 9abluerentp¹
635 3779 762 3849 primam]
778 3779 972 3850 pristinampo
1070 3780 1104 3835 10
1116 3781 1271 3851 posteriore]
1290 3782 1407 3851 pontiore
1422 3783 1455 3849 T,

326 3864 428 3932 potiore
444 3863 483 3920 Ve
580 3863 739 3921 delerintV
835 3866 866 3919 11
880 3865 946 3920 facti
963 3867 992 3920 et
1008 3865 1134 3936 laotisp¹
1233 3867 1339 3923 12cum
1353 3867 1458 3924 cbristo

326 3964 410 4019 osup
487 3952 629 4005 sestamo
709 3950 1004 4022 13sicet]si1',etc
1085 3953 1250 4023 liqnasE¹
1327 3957 1457 4026 urgentes

325 4036 418 4089 aar
493 4022 619 4092 'insane
635 4039 661 4091 r
743 4037 988 4108 recensuerunt
1075 4040 1286 4110 rommpasp
1374 4041 1457 4111 ειμι

326 4119 394 4174 adm
463 4121 747 4194 18etiamliamTpo
827 4124 1251 4198 ffltmetiamlietiamtnpu
1319 4129 1457 4183 ultram-

324 4206 433 4262 mittore
445 4210 486 4277 p¹,
499 4210 685 4266 trasmittas
764 4211 913 4282 consensio]
925 4211 1055 4266 confessio
1067 4233 1087 4282 μ
1174 4213 1208 4267 22
1220 4212 1323 4268 domini
1335 4229 1386 4269 om.
1399 4235 1420 4284 μ

324 4296 352 4348 to
363 4293 458 4362 frater]
476 4308 524 4348 noe
536 4294 634 4349 iratres
650 4297 715 4366 Y¹p.
729 4295 898 4366 -lipistola
910 4295 1039 4367 Cypriani
1050 4296 1084 4352 ad
1096 4297 1261 4374 codonium,
1267 4299 1378 4370 explicit
1391 4299 1459 4368 ET,

323 4379 443 4451 Explicit
454 4379 489 4436 ad
501 4379 659 4438 caldonium
672 4397 696 4448 o,
710 4398 759 4438 om.
773 4402 826 4452 μω.
839 4413 872 4422 -
