<?xml version="1.0" encoding="UTF-8"?>
<!DOCTYPE html PUBLIC "-//W3C//DTD XHTML 1.0 Transitional//EN"
    "http://www.w3.org/TR/xhtml1/DTD/xhtml1-transitional.dtd">
<html xmlns="http://www.w3.org/1999/xhtml" xml:lang="en" lang="en">
 <head>
  <title>
</title>
<meta http-equiv="Content-Type" content="text/html;charset=utf-8" />
  <meta name='ocr-system' content='tesseract 3.04.00' />
  <meta name='ocr-capabilities' content='ocr_page ocr_carea ocr_par ocr_line ocrx_word'/>
</head>
<body>
  <div class='ocr_page' id='page_1' title='image "./corpusscriptoru04wiengoog_0777.png"; bbox 0 0 3242 5159; ppageno 0'>
   <div class='ocr_carea' id='block_1_1' title="bbox 405 478 1317 584">
    <p class='ocr_par' dir='ltr' id='par_1_1' title="bbox 405 478 1317 584">
     <span class='ocr_line' id='line_1_1' title="bbox 405 478 1317 584; baseline 0 -16"><span class='ocrx_word' id='word_1_1' title='bbox 405 478 408 486; x_wconf 67' lang='grc'>’</span> <span class='ocrx_word' id='word_1_2' title='bbox 514 513 996 582; x_wconf 70' lang='lat' dir='ltr'><strong>Epistulaetxv111.e1-3.</strong></span> <span class='ocrx_word' id='word_1_3' title='bbox 1254 518 1317 584; x_wconf 78' lang='lat'><strong>745</strong></span> 
     </span>
    </p>
   </div>
   <div class='ocr_carea' id='block_1_2' title="bbox 4 667 1443 3124">
    <p class='ocr_par' dir='ltr' id='par_1_2' title="bbox 4 667 1443 3124">
     <span class='ocr_line' id='line_1_2' title="bbox 190 667 1315 754; baseline 0.001 -18"><span class='ocrx_word' id='word_1_4' title='bbox 190 689 294 736; x_wconf 85' lang='lat' dir='ltr'><strong>caeam</strong></span> <span class='ocrx_word' id='word_1_5' title='bbox 314 673 345 738; x_wconf 92' lang='lat' dir='ltr'><strong>et</strong></span> <span class='ocrx_word' id='word_1_6' title='bbox 366 672 534 754; x_wconf 88' lang='lat' dir='ltr'><strong>superbum</strong></span> <span class='ocrx_word' id='word_1_7' title='bbox 550 673 582 736; x_wconf 90' lang='lat' dir='ltr'><strong>et</strong></span> <span class='ocrx_word' id='word_1_8' title='bbox 597 669 721 746; x_wconf 87' lang='lat' dir='ltr'><strong>dininas</strong></span> <span class='ocrx_word' id='word_1_9' title='bbox 741 670 869 753; x_wconf 87' lang='lat' dir='ltr'><strong>pietatis</strong></span> <span class='ocrx_word' id='word_1_10' title='bbox 891 689 926 736; x_wconf 88' lang='lat' dir='ltr'><strong>ao</strong></span> <span class='ocrx_word' id='word_1_11' title='bbox 945 670 1099 736; x_wconf 70' lang='lat' dir='ltr'><strong>fraternae</strong></span> <span class='ocrx_word' id='word_1_12' title='bbox 1121 667 1233 738; x_wconf 87' lang='lat' dir='ltr'><strong>salutis</strong></span> <span class='ocrx_word' id='word_1_13' title='bbox 1254 673 1315 737; x_wconf 92' lang='lat' dir='ltr'><strong>ini-</strong></span> 
     </span>
     <span class='ocr_line' id='line_1_3' title="bbox 191 772 1315 860; baseline 0.001 -20"><span class='ocrx_word' id='word_1_14' title='bbox 191 774 308 840; x_wconf 87' lang='lat' dir='ltr'><strong>micum</strong></span> <span class='ocrx_word' id='word_1_15' title='bbox 324 774 453 860; x_wconf 84' lang='lat' dir='ltr'><strong>collegio</strong></span> <span class='ocrx_word' id='word_1_16' title='bbox 467 777 572 840; x_wconf 87' lang='lat' dir='ltr'><strong>nostro</strong></span> <span class='ocrx_word' id='word_1_17' title='bbox 587 772 739 840; x_wconf 89' lang='lat' dir='ltr'><strong>insultare</strong></span> <span class='ocrx_word' id='word_1_18' title='bbox 753 773 923 855; x_wconf 82' lang='lat' dir='ltr'><strong>patiantur,</strong></span> <span class='ocrx_word' id='word_1_19' title='bbox 939 775 1021 857; x_wconf 91' lang='lat' dir='ltr'><strong>quod</strong></span> <span class='ocrx_word' id='word_1_20' title='bbox 1034 774 1167 840; x_wconf 86' lang='lat' dir='ltr'><strong>necdum</strong></span> <span class='ocrx_word' id='word_1_21' title='bbox 1188 795 1207 840; x_wconf 99' lang='lat' dir='ltr'><strong>a</strong></span> <span class='ocrx_word' id='word_1_22' title='bbox 1226 775 1315 841; x_wconf 89' lang='lat' dir='ltr'><strong>nobis</strong></span> 
     </span>
     <span class='ocr_line' id='line_1_4' title="bbox 190 875 1315 960; baseline 0.001 -18"><span class='ocrx_word' id='word_1_23' title='bbox 190 877 334 944; x_wconf 91' lang='lat' dir='ltr'><strong>uideatur</strong></span> <span class='ocrx_word' id='word_1_24' title='bbox 349 877 519 955; x_wconf 72' lang='lat' dir='ltr'><strong>abstentus,</strong></span> <span class='ocrx_word' id='word_1_25' title='bbox 541 876 595 960; x_wconf 88' lang='lat' dir='ltr'><strong>qni</strong></span> <span class='ocrx_word' id='word_1_26' title='bbox 609 875 807 958; x_wconf 86' lang='lat' dir='ltr'><strong>iampridem</strong></span> <span class='ocrx_word' id='word_1_27' title='bbox 822 877 919 942; x_wconf 87' lang='lat' dir='ltr'><strong>iactat</strong></span> <span class='ocrx_word' id='word_1_28' title='bbox 933 879 965 943; x_wconf 90' lang='lat' dir='ltr'><strong>et</strong></span> <span class='ocrx_word' id='word_1_29' title='bbox 979 876 1138 960; x_wconf 89' lang='lat' dir='ltr'><strong>praedicat</strong></span> <span class='ocrx_word' id='word_1_30' title='bbox 1154 878 1235 960; x_wconf 90' lang='lat' dir='ltr'><strong>quod</strong></span> <span class='ocrx_word' id='word_1_31' title='bbox 1250 878 1315 943; x_wconf 93' lang='lat' dir='ltr'><strong>No-</strong></span> 
     </span>
     <span class='ocr_line' id='line_1_5' title="bbox 189 979 1316 1062; baseline 0.002 -18"><span class='ocrx_word' id='word_1_32' title='bbox 189 979 316 1047; x_wconf 89' lang='lat' dir='ltr'><strong>uatiano</strong></span> <span class='ocrx_word' id='word_1_33' title='bbox 337 981 464 1047; x_wconf 79' lang='lat' dir='ltr'>studens</span> <span class='ocrx_word' id='word_1_34' title='bbox 487 981 519 1044; x_wconf 92' lang='lat' dir='ltr'><strong>et</strong></span> <span class='ocrx_word' id='word_1_35' title='bbox 539 979 605 1044; x_wconf 91' lang='lat' dir='ltr'><strong>eius</strong></span> <span class='ocrx_word' id='word_1_36' title='bbox 625 979 830 1061; x_wconf 87' lang='lat' dir='ltr'><strong>peruicaciam</strong></span> <span class='ocrx_word' id='word_1_37' title='bbox 850 999 979 1062; x_wconf 86' lang='lat' dir='ltr'><strong>sequens</strong></span> <span class='ocrx_word' id='word_1_38' title='bbox 1000 1000 1020 1046; x_wconf 92' lang='lat' dir='ltr'><strong>a</strong></span> <span class='ocrx_word' id='word_1_39' title='bbox 1040 979 1316 1046; x_wconf 68' lang='lat' dir='ltr'><strong>communicatione</strong></span> 
     </span>
     <span class='ocr_line' id='line_1_6' title="bbox 173 1081 1315 1168; baseline 0 -20"><span class='ocrx_word' id='word_1_40' title='bbox 173 1101 226 1148; x_wconf 82' lang='lat' dir='ltr'><strong>sse</strong></span> <span class='ocrx_word' id='word_1_41' title='bbox 241 1085 346 1148; x_wconf 90' lang='lat' dir='ltr'><strong>nostra</strong></span> <span class='ocrx_word' id='word_1_42' title='bbox 360 1082 579 1168; x_wconf 70' lang='lat' dir='ltr'><strong>segregarent,</strong></span> <span class='ocrx_word' id='word_1_43' title='bbox 601 1101 673 1147; x_wconf 88' lang='lat' dir='ltr'><strong>cum</strong></span> <span class='ocrx_word' id='word_1_44' title='bbox 687 1081 882 1148; x_wconf 87' lang='lat' dir='ltr'><strong>Nouatianas</strong></span> <span class='ocrx_word' id='word_1_45' title='bbox 897 1083 963 1166; x_wconf 92' lang='lat' dir='ltr'><strong>ipse</strong></span> <span class='ocrx_word' id='word_1_46' title='bbox 976 1101 1068 1165; x_wconf 89' lang='lat' dir='ltr'><strong>quem</strong></span> <span class='ocrx_word' id='word_1_47' title='bbox 1084 1083 1224 1165; x_wconf 89' lang='lat' dir='ltr'><strong>sequitur</strong></span> <span class='ocrx_word' id='word_1_48' title='bbox 1238 1083 1315 1148; x_wconf 91' lang='lat' dir='ltr'><strong>olim</strong></span> 
     </span>
     <span class='ocr_line' id='line_1_7' title="bbox 4 1185 1316 1252; baseline 0.002 -2"><span class='ocrx_word' id='word_1_49' title='bbox 4 1185 25 1227; x_wconf 60' lang='lat'><strong>³²</strong></span> <span class='ocrx_word' id='word_1_50' title='bbox 125 1189 127 1194; x_wconf 84' lang='lat'>&#39;</span> <span class='ocrx_word' id='word_1_51' title='bbox 192 1185 353 1252; x_wconf 77' lang='lat' dir='ltr'><strong>abstentus</strong></span> <span class='ocrx_word' id='word_1_52' title='bbox 380 1188 411 1252; x_wconf 90' lang='lat' dir='ltr'><strong>et</strong></span> <span class='ocrx_word' id='word_1_53' title='bbox 436 1186 535 1252; x_wconf 91' lang='lat' dir='ltr'><strong>hostis</strong></span> <span class='ocrx_word' id='word_1_54' title='bbox 562 1185 707 1252; x_wconf 86' lang='lat' dir='ltr'><strong>ecclesiae</strong></span> <span class='ocrx_word' id='word_1_55' title='bbox 733 1185 888 1252; x_wconf 86' lang='lat' dir='ltr'><strong>iudicatus</strong></span> <span class='ocrx_word' id='word_1_56' title='bbox 914 1186 958 1250; x_wconf 92' lang='lat' dir='ltr'><strong>sit</strong></span> <span class='ocrx_word' id='word_1_57' title='bbox 983 1188 1015 1252; x_wconf 92' lang='lat' dir='ltr'><strong>et</strong></span> <span class='ocrx_word' id='word_1_58' title='bbox 1040 1206 1113 1252; x_wconf 90' lang='lat' dir='ltr'><strong>cum</strong></span> <span class='ocrx_word' id='word_1_59' title='bbox 1139 1185 1177 1250; x_wconf 89' lang='lat' dir='ltr'><strong>ad</strong></span> <span class='ocrx_word' id='word_1_60' title='bbox 1201 1204 1258 1252; x_wconf 90' lang='lat' dir='ltr'><strong>nos</strong></span> <span class='ocrx_word' id='word_1_61' title='bbox 1283 1187 1316 1252; x_wconf 91' lang='lat' dir='ltr'><strong>in</strong></span> 
     </span>
     <span class='ocr_line' id='line_1_8' title="bbox 5 1288 1316 1374; baseline 0 -20"><span class='ocrx_word' id='word_1_62' title='bbox 5 1307 6 1316; x_wconf 56' lang='lat'>¹</span> <span class='ocrx_word' id='word_1_63' title='bbox 194 1288 336 1356; x_wconf 86' lang='lat' dir='ltr'><strong>Africam</strong></span> <span class='ocrx_word' id='word_1_64' title='bbox 356 1288 476 1374; x_wconf 80' lang='lat' dir='ltr'><strong>legatos</strong></span> <span class='ocrx_word' id='word_1_65' title='bbox 497 1289 635 1354; x_wconf 78' lang='lat' dir='ltr'><strong>misisset</strong></span> <span class='ocrx_word' id='word_1_66' title='bbox 656 1289 766 1371; x_wconf 89' lang='lat' dir='ltr'><strong>optans</strong></span> <span class='ocrx_word' id='word_1_67' title='bbox 787 1288 826 1353; x_wconf 89' lang='lat' dir='ltr'><strong>ad</strong></span> <span class='ocrx_word' id='word_1_68' title='bbox 847 1289 1158 1356; x_wconf 85' lang='lat' dir='ltr'><strong>communicationem</strong></span> <span class='ocrx_word' id='word_1_69' title='bbox 1177 1291 1316 1355; x_wconf 90' lang='lat' dir='ltr'><strong>nostram</strong></span> 
     </span>
     <span class='ocr_line' id='line_1_9' title="bbox 191 1380 1314 1475; baseline 0.002 -19"><span class='ocrx_word' id='word_1_70' title='bbox 191 1391 327 1474; x_wconf 75' lang='lat' dir='ltr'><strong>admitti,</strong></span> <span class='ocrx_word' id='word_1_71' title='bbox 349 1391 422 1456; x_wconf 88' lang='lat' dir='ltr'><strong>hinc</strong></span> <span class='ocrx_word' id='word_1_72' title='bbox 442 1411 461 1457; x_wconf 93' lang='lat' dir='ltr'><strong>a</strong></span> <span class='ocrx_word' id='word_1_73' title='bbox 482 1391 610 1457; x_wconf 92' lang='lat' dir='ltr'><strong>concilio</strong></span> <span class='ocrx_word' id='word_1_74' title='bbox 631 1391 838 1473; x_wconf 86' lang='lat' dir='ltr'><strong>plurimorum</strong></span> <span class='ocrx_word' id='word_1_75' title='bbox 859 1391 1054 1457; x_wconf 90' lang='lat' dir='ltr'><strong>sacerdotnm</strong></span> <span class='ocrx_word' id='word_1_76' title='bbox 1069 1391 1123 1475; x_wconf 92' lang='lat' dir='ltr'><strong>qui</strong></span> <span class='ocrx_word' id='word_1_77' title='bbox 1137 1380 1314 1474; x_wconf 77' lang='lat' dir='ltr'><strong>praesentas</strong></span> 
     </span>
     <span class='ocr_line' id='line_1_10' title="bbox 193 1493 1316 1578; baseline 0.002 -19"><span class='ocrx_word' id='word_1_78' title='bbox 193 1513 317 1560; x_wconf 91' lang='lat' dir='ltr'><strong>eramus</strong></span> <span class='ocrx_word' id='word_1_79' title='bbox 339 1495 526 1560; x_wconf 87' lang='lat' dir='ltr'><strong>sententiam</strong></span> <span class='ocrx_word' id='word_1_80' title='bbox 547 1495 690 1562; x_wconf 87' lang='lat' dir='ltr'><strong>retulerit</strong></span> <span class='ocrx_word' id='word_1_81' title='bbox 711 1513 744 1560; x_wconf 89' lang='lat' dir='ltr'><strong>so</strong></span> <span class='ocrx_word' id='word_1_82' title='bbox 764 1493 842 1558; x_wconf 88' lang='lat' dir='ltr'><strong>foris</strong></span> <span class='ocrx_word' id='word_1_83' title='bbox 863 1512 929 1560; x_wconf 90' lang='lat' dir='ltr'><strong>esse</strong></span> <span class='ocrx_word' id='word_1_84' title='bbox 953 1495 1089 1577; x_wconf 88' lang='lat' dir='ltr'><strong>coepisse</strong></span> <span class='ocrx_word' id='word_1_85' title='bbox 1107 1513 1164 1560; x_wconf 90' lang='lat' dir='ltr'><strong>nec</strong></span> <span class='ocrx_word' id='word_1_86' title='bbox 1184 1513 1273 1578; x_wconf 92' lang='lat' dir='ltr'><strong>posse</strong></span> <span class='ocrx_word' id='word_1_87' title='bbox 1297 1515 1316 1561; x_wconf 93' lang='lat' dir='ltr'><strong>a</strong></span> 
     </span>
     <span class='ocr_line' id='line_1_11' title="bbox 154 1595 1316 1681; baseline 0.001 -19"><span class='ocrx_word' id='word_1_88' title='bbox 154 1622 181 1662; x_wconf 82' lang='lat' dir='ltr'><strong>lo</strong></span> <span class='ocrx_word' id='word_1_89' title='bbox 191 1616 346 1681; x_wconf 90' lang='lat' dir='ltr'><strong>quoquam</strong></span> <span class='ocrx_word' id='word_1_90' title='bbox 360 1597 458 1664; x_wconf 87' lang='lat' dir='ltr'><strong>nostri</strong></span> <span class='ocrx_word' id='word_1_91' title='bbox 474 1597 535 1663; x_wconf 91' lang='lat' dir='ltr'><strong>sibi</strong></span> <span class='ocrx_word' id='word_1_92' title='bbox 549 1597 772 1663; x_wconf 84' lang='lat' dir='ltr'><strong>communicari</strong></span> <span class='ocrx_word' id='word_1_93' title='bbox 787 1597 842 1679; x_wconf 92' lang='lat' dir='ltr'><strong>qui</strong></span> <span class='ocrx_word' id='word_1_94' title='bbox 856 1597 997 1681; x_wconf 86' lang='lat' dir='ltr'><strong>episcopo</strong></span> <span class='ocrx_word' id='word_1_95' title='bbox 1008 1595 1147 1664; x_wconf 79' lang='lat' dir='ltr'><strong>Cornelio</strong></span> <span class='ocrx_word' id='word_1_96' title='bbox 1161 1597 1195 1662; x_wconf 93' lang='lat' dir='ltr'><strong>in</strong></span> <span class='ocrx_word' id='word_1_97' title='bbox 1210 1598 1316 1663; x_wconf 89' lang='lat' dir='ltr'><strong>catho-</strong></span> 
     </span>
     <span class='ocr_line' id='line_1_12' title="bbox 189 1699 1313 1784; baseline 0.001 -19"><span class='ocrx_word' id='word_1_98' title='bbox 189 1701 251 1766; x_wconf 89' lang='lat' dir='ltr'><strong>lica</strong></span> <span class='ocrx_word' id='word_1_99' title='bbox 272 1701 401 1768; x_wconf 85' lang='lat' dir='ltr'><strong>eeclesia</strong></span> <span class='ocrx_word' id='word_1_100' title='bbox 423 1701 459 1766; x_wconf 88' lang='lat' dir='ltr'><strong>ds</strong></span> <span class='ocrx_word' id='word_1_101' title='bbox 482 1700 540 1766; x_wconf 91' lang='lat' dir='ltr'><strong>Dei</strong></span> <span class='ocrx_word' id='word_1_102' title='bbox 562 1701 677 1766; x_wconf 89' lang='lat' dir='ltr'><strong>iudicio</strong></span> <span class='ocrx_word' id='word_1_103' title='bbox 698 1702 730 1765; x_wconf 89' lang='lat' dir='ltr'><strong>et</strong></span> <span class='ocrx_word' id='word_1_104' title='bbox 750 1700 827 1765; x_wconf 88' lang='lat' dir='ltr'><strong>cleri</strong></span> <span class='ocrx_word' id='word_1_105' title='bbox 842 1719 878 1766; x_wconf 90' lang='lat' dir='ltr'><strong>ac</strong></span> <span class='ocrx_word' id='word_1_106' title='bbox 891 1700 993 1783; x_wconf 91' lang='lat' dir='ltr'><strong>plebis</strong></span> <span class='ocrx_word' id='word_1_107' title='bbox 1007 1699 1157 1784; x_wconf 82' lang='lat' dir='ltr'><strong>suffragio</strong></span> <span class='ocrx_word' id='word_1_108' title='bbox 1172 1702 1313 1766; x_wconf 92' lang='lat' dir='ltr'><strong>ordinato</strong></span> 
     </span>
     <span class='ocr_line' id='line_1_13' title="bbox 190 1803 1314 1888; baseline 0.002 -20"><span class='ocrx_word' id='word_1_109' title='bbox 190 1803 355 1887; x_wconf 84' lang='lat' dir='ltr'><strong>profanum</strong></span> <span class='ocrx_word' id='word_1_110' title='bbox 371 1804 469 1870; x_wconf 90' lang='lat' dir='ltr'><strong>altare</strong></span> <span class='ocrx_word' id='word_1_111' title='bbox 484 1805 600 1888; x_wconf 85' lang='lat' dir='ltr'><strong>erigere</strong></span> <span class='ocrx_word' id='word_1_112' title='bbox 616 1805 648 1868; x_wconf 91' lang='lat' dir='ltr'><strong>et</strong></span> <span class='ocrx_word' id='word_1_113' title='bbox 662 1803 837 1868; x_wconf 85' lang='lat' dir='ltr'><strong>adulteram</strong></span> <span class='ocrx_word' id='word_1_114' title='bbox 852 1803 1029 1868; x_wconf 82' lang='lat' dir='ltr'><strong>cathedram</strong></span> <span class='ocrx_word' id='word_1_115' title='bbox 1044 1805 1200 1870; x_wconf 89' lang='lat' dir='ltr'><strong>conlocare</strong></span> <span class='ocrx_word' id='word_1_116' title='bbox 1216 1807 1249 1870; x_wconf 93' lang='lat' dir='ltr'><strong>et</strong></span> <span class='ocrx_word' id='word_1_117' title='bbox 1263 1823 1314 1871; x_wconf 90' lang='lat' dir='ltr'><strong>sa·</strong></span> 
     </span>
     <span class='ocr_line' id='line_1_14' title="bbox 188 1905 1313 1991; baseline 0.002 -19"><span class='ocrx_word' id='word_1_118' title='bbox 188 1907 304 1991; x_wconf 83' lang='lat' dir='ltr'><strong>crilega</strong></span> <span class='ocrx_word' id='word_1_119' title='bbox 324 1909 430 1973; x_wconf 90' lang='lat' dir='ltr'><strong>contra</strong></span> <span class='ocrx_word' id='word_1_120' title='bbox 453 1926 562 1972; x_wconf 88' lang='lat' dir='ltr'><strong>uerum</strong></span> <span class='ocrx_word' id='word_1_121' title='bbox 583 1907 773 1972; x_wconf 73' lang='lat' dir='ltr'><strong>sacerdotem</strong></span> <span class='ocrx_word' id='word_1_122' title='bbox 794 1905 946 1972; x_wconf 86' lang='lat' dir='ltr'><strong>sacrificia</strong></span> <span class='ocrx_word' id='word_1_123' title='bbox 968 1905 1076 1973; x_wconf 83' lang='lat' dir='ltr'><strong>offerre</strong></span> <span class='ocrx_word' id='word_1_124' title='bbox 1100 1908 1313 1991; x_wconf 84' lang='lat' dir='ltr'><strong>temptauerit,</strong></span> 
     </span>
     <span class='ocr_line' id='line_1_15' title="bbox 189 2009 1314 2093; baseline 0.001 -18"><span class='ocrx_word' id='word_1_125' title='bbox 189 2009 317 2093; x_wconf 90' lang='lat' dir='ltr'><strong>proinde</strong></span> <span class='ocrx_word' id='word_1_126' title='bbox 333 2010 360 2075; x_wconf 90' lang='lat' dir='ltr'><strong>si</strong></span> <span class='ocrx_word' id='word_1_127' title='bbox 376 2009 554 2093; x_wconf 78' lang='lat' dir='ltr'><strong>resipiscere</strong></span> <span class='ocrx_word' id='word_1_128' title='bbox 569 2011 602 2075; x_wconf 91' lang='lat' dir='ltr'><strong>et</strong></span> <span class='ocrx_word' id='word_1_129' title='bbox 616 2010 656 2074; x_wconf 93' lang='lat' dir='ltr'><strong>ad</strong></span> <span class='ocrx_word' id='word_1_130' title='bbox 672 2028 762 2074; x_wconf 90' lang='lat' dir='ltr'><strong>sanae</strong></span> <span class='ocrx_word' id='word_1_131' title='bbox 776 2010 892 2075; x_wconf 91' lang='lat' dir='ltr'><strong>mentis</strong></span> <span class='ocrx_word' id='word_1_132' title='bbox 907 2009 1071 2075; x_wconf 89' lang='lat' dir='ltr'><strong>consilinm</strong></span> <span class='ocrx_word' id='word_1_133' title='bbox 1086 2011 1186 2076; x_wconf 88' lang='lat' dir='ltr'><strong>redire</strong></span> <span class='ocrx_word' id='word_1_134' title='bbox 1206 2011 1314 2090; x_wconf 82' lang='lat' dir='ltr'><strong>uellet,</strong></span> 
     </span>
     <span class='ocr_line' id='line_1_16' title="bbox 159 2110 1314 2198; baseline 0.001 -20"><span class='ocrx_word' id='word_1_135' title='bbox 159 2140 182 2178; x_wconf 79' lang='lat' dir='ltr'><strong>n</strong></span> <span class='ocrx_word' id='word_1_136' title='bbox 193 2117 299 2198; x_wconf 84' lang='lat' dir='ltr'><strong>ageret</strong></span> <span class='ocrx_word' id='word_1_137' title='bbox 309 2113 535 2197; x_wconf 88' lang='lat' dir='ltr'><strong>paenitentiam</strong></span> <span class='ocrx_word' id='word_1_138' title='bbox 546 2116 578 2178; x_wconf 90' lang='lat' dir='ltr'><strong>et</strong></span> <span class='ocrx_word' id='word_1_139' title='bbox 588 2113 628 2179; x_wconf 92' lang='lat' dir='ltr'><strong>ad</strong></span> <span class='ocrx_word' id='word_1_140' title='bbox 640 2113 800 2180; x_wconf 87' lang='lat' dir='ltr'><strong>ecelesiam</strong></span> <span class='ocrx_word' id='word_1_141' title='bbox 815 2114 944 2197; x_wconf 86' lang='lat' dir='ltr'><strong>supplex</strong></span> <span class='ocrx_word' id='word_1_142' title='bbox 954 2110 1078 2179; x_wconf 86' lang='lat' dir='ltr'><strong>rediret.</strong></span> <span class='ocrx_word' id='word_1_143' title='bbox 1093 2132 1187 2196; x_wconf 91' lang='lat' dir='ltr'><strong>qnam</strong></span> <span class='ocrx_word' id='word_1_144' title='bbox 1197 2133 1314 2179; x_wconf 91' lang='lat' dir='ltr'><strong>uanum</strong></span> 
     </span>
     <span class='ocr_line' id='line_1_17' title="bbox 193 2215 1315 2300; baseline 0 -18"><span class='ocrx_word' id='word_1_145' title='bbox 193 2218 249 2292; x_wconf 80' lang='lat' dir='ltr'><strong>est,</strong></span> <span class='ocrx_word' id='word_1_146' title='bbox 272 2216 368 2283; x_wconf 89' lang='lat' dir='ltr'><strong>frater</strong></span> <span class='ocrx_word' id='word_1_147' title='bbox 389 2216 557 2294; x_wconf 84' lang='lat' dir='ltr'><strong>carissime,</strong></span> <span class='ocrx_word' id='word_1_148' title='bbox 580 2218 618 2281; x_wconf 93' lang='lat' dir='ltr'><strong>ut</strong></span> <span class='ocrx_word' id='word_1_149' title='bbox 637 2216 810 2282; x_wconf 87' lang='lat' dir='ltr'><strong>Nouatiano</strong></span> <span class='ocrx_word' id='word_1_150' title='bbox 833 2235 931 2300; x_wconf 88' lang='lat' dir='ltr'><strong>nuper</strong></span> <span class='ocrx_word' id='word_1_151' title='bbox 951 2218 1054 2282; x_wconf 90' lang='lat' dir='ltr'><strong>retuso</strong></span> <span class='ocrx_word' id='word_1_152' title='bbox 1075 2218 1107 2282; x_wconf 93' lang='lat' dir='ltr'><strong>et</strong></span> <span class='ocrx_word' id='word_1_153' title='bbox 1129 2215 1263 2282; x_wconf 84' lang='lat' dir='ltr'><strong>refutato</strong></span> <span class='ocrx_word' id='word_1_154' title='bbox 1283 2219 1315 2283; x_wconf 91' lang='lat' dir='ltr'><strong>et</strong></span> 
     </span>
     <span class='ocr_line' id='line_1_18' title="bbox 188 2320 1443 2419; baseline 0.001 -33"><span class='ocrx_word' id='word_1_155' title='bbox 188 2338 244 2403; x_wconf 87' lang='lat' dir='ltr'><strong>por</strong></span> <span class='ocrx_word' id='word_1_156' title='bbox 266 2322 368 2386; x_wconf 87' lang='lat' dir='ltr'><strong>totum</strong></span> <span class='ocrx_word' id='word_1_157' title='bbox 392 2320 498 2386; x_wconf 89' lang='lat' dir='ltr'><strong>orbem</strong></span> <span class='ocrx_word' id='word_1_158' title='bbox 519 2341 538 2385; x_wconf 93' lang='lat' dir='ltr'><strong>a</strong></span> <span class='ocrx_word' id='word_1_159' title='bbox 560 2320 768 2386; x_wconf 89' lang='lat' dir='ltr'><strong>sacerdotibas</strong></span> <span class='ocrx_word' id='word_1_160' title='bbox 789 2320 848 2385; x_wconf 91' lang='lat' dir='ltr'><strong>Dei</strong></span> <span class='ocrx_word' id='word_1_161' title='bbox 871 2320 1015 2386; x_wconf 88' lang='lat' dir='ltr'><strong>abstento</strong></span> <span class='ocrx_word' id='word_1_162' title='bbox 1035 2340 1119 2386; x_wconf 87' lang='lat' dir='ltr'><strong>nuno</strong></span> <span class='ocrx_word' id='word_1_163' title='bbox 1138 2321 1314 2387; x_wconf 76' lang='lat' dir='ltr'><strong>adulatores</strong></span> <span class='ocrx_word' id='word_1_164' title='bbox 1430 2393 1443 2419; x_wconf 38' lang='grc'>,</span> 
     </span>
     <span class='ocr_line' id='line_1_19' title="bbox 190 2422 1314 2508; baseline 0.002 -20"><span class='ocrx_word' id='word_1_165' title='bbox 190 2424 291 2489; x_wconf 88' lang='lat' dir='ltr'><strong>adbuc</strong></span> <span class='ocrx_word' id='word_1_166' title='bbox 319 2424 408 2490; x_wconf 94' lang='lat' dir='ltr'><strong>nobis</strong></span> <span class='ocrx_word' id='word_1_167' title='bbox 437 2423 593 2506; x_wconf 86' lang='lat' dir='ltr'><strong>patiamur</strong></span> <span class='ocrx_word' id='word_1_168' title='bbox 617 2423 757 2488; x_wconf 90' lang='lat' dir='ltr'><strong>inludere</strong></span> <span class='ocrx_word' id='word_1_169' title='bbox 783 2424 815 2487; x_wconf 89' lang='lat' dir='ltr'><strong>et</strong></span> <span class='ocrx_word' id='word_1_170' title='bbox 841 2422 879 2488; x_wconf 90' lang='lat' dir='ltr'><strong>de</strong></span> <span class='ocrx_word' id='word_1_171' title='bbox 904 2422 1068 2489; x_wconf 90' lang='lat' dir='ltr'><strong>maiestate</strong></span> <span class='ocrx_word' id='word_1_172' title='bbox 1094 2442 1131 2488; x_wconf 91' lang='lat' dir='ltr'><strong>ac</strong></span> <span class='ocrx_word' id='word_1_173' title='bbox 1159 2423 1314 2508; x_wconf 83' lang='lat' dir='ltr'><strong>dignitate</strong></span> 
     </span>
     <span class='ocr_line' id='line_1_20' title="bbox 190 2515 856 2593; baseline -0.008 -1"><span class='ocrx_word' id='word_1_174' title='bbox 190 2526 497 2593; x_wconf 90' lang='lat' dir='ltr'><strong>ecclesiaeiudicare.</strong></span> <span class='ocrx_word' id='word_1_175' title='bbox 853 2515 856 2522; x_wconf 78' lang='grc'><strong>’</strong></span> 
     </span>
     <span class='ocr_line' id='line_1_21' title="bbox 162 2627 1344 2714; baseline 0.002 -18"><span class='ocrx_word' id='word_1_176' title='bbox 162 2655 188 2696; x_wconf 81' lang='lat' dir='ltr'><strong>so</strong></span> <span class='ocrx_word' id='word_1_177' title='bbox 240 2631 423 2714; x_wconf 86' lang='lat' dir='ltr'><strong>Dirigantur</strong></span> <span class='ocrx_word' id='word_1_178' title='bbox 438 2629 470 2693; x_wconf 93' lang='lat' dir='ltr'><strong>in</strong></span> <span class='ocrx_word' id='word_1_179' title='bbox 485 2628 677 2712; x_wconf 88' lang='lat' dir='ltr'><strong>prouinciam</strong></span> <span class='ocrx_word' id='word_1_180' title='bbox 696 2629 729 2692; x_wconf 90' lang='lat' dir='ltr'><strong>et</strong></span> <span class='ocrx_word' id='word_1_181' title='bbox 748 2628 788 2693; x_wconf 89' lang='lat' dir='ltr'><strong>ad</strong></span> <span class='ocrx_word' id='word_1_182' title='bbox 808 2627 932 2711; x_wconf 88' lang='lat' dir='ltr'><strong>plebem</strong></span> <span class='ocrx_word' id='word_1_183' title='bbox 948 2628 1076 2694; x_wconf 81' lang='lat' dir='ltr'><strong>Arelate</strong></span> <span class='ocrx_word' id='word_1_184' title='bbox 1095 2629 1344 2699; x_wconf 72' lang='lat' dir='ltr'><strong>consistentomt</strong></span> 
     </span>
     <span class='ocr_line' id='line_1_22' title="bbox 195 2730 1314 2815; baseline -0.003 -16"><span class='ocrx_word' id='word_1_185' title='bbox 195 2754 213 2799; x_wconf 91' lang='lat' dir='ltr'><strong>a</strong></span> <span class='ocrx_word' id='word_1_186' title='bbox 228 2737 260 2798; x_wconf 90' lang='lat' dir='ltr'><strong>te</strong></span> <span class='ocrx_word' id='word_1_187' title='bbox 274 2733 396 2798; x_wconf 88' lang='lat' dir='ltr'><strong>litterae</strong></span> <span class='ocrx_word' id='word_1_188' title='bbox 411 2731 524 2815; x_wconf 90' lang='lat' dir='ltr'><strong>quibus</strong></span> <span class='ocrx_word' id='word_1_189' title='bbox 539 2731 681 2796; x_wconf 88' lang='lat' dir='ltr'><strong>abstento</strong></span> <span class='ocrx_word' id='word_1_190' title='bbox 697 2731 854 2796; x_wconf 87' lang='lat' dir='ltr'><strong>Marciano</strong></span> <span class='ocrx_word' id='word_1_191' title='bbox 869 2730 951 2796; x_wconf 91' lang='lat' dir='ltr'><strong>alius</strong></span> <span class='ocrx_word' id='word_1_192' title='bbox 966 2731 999 2796; x_wconf 93' lang='lat' dir='ltr'><strong>in</strong></span> <span class='ocrx_word' id='word_1_193' title='bbox 1020 2732 1086 2797; x_wconf 95' lang='lat' dir='ltr'><strong>loco</strong></span> <span class='ocrx_word' id='word_1_194' title='bbox 1109 2732 1174 2797; x_wconf 92' lang='lat' dir='ltr'><strong>eius</strong></span> <span class='ocrx_word' id='word_1_195' title='bbox 1196 2731 1314 2797; x_wconf 90' lang='lat' dir='ltr'><strong>substi-</strong></span> 
     </span>
     <span class='ocr_line' id='line_1_23' title="bbox 189 2833 1316 2920; baseline -0.003 -18"><span class='ocrx_word' id='word_1_196' title='bbox 189 2839 299 2902; x_wconf 88' lang='lat' dir='ltr'><strong>tuatur</strong></span> <span class='ocrx_word' id='word_1_197' title='bbox 325 2837 357 2901; x_wconf 91' lang='lat' dir='ltr'><strong>et</strong></span> <span class='ocrx_word' id='word_1_198' title='bbox 378 2853 452 2920; x_wconf 81' lang='lat' dir='ltr'><strong>grex</strong></span> <span class='ocrx_word' id='word_1_199' title='bbox 473 2833 590 2900; x_wconf 78' lang='lat' dir='ltr'><strong>Christi</strong></span> <span class='ocrx_word' id='word_1_200' title='bbox 617 2835 671 2916; x_wconf 94' lang='lat' dir='ltr'><strong>qui</strong></span> <span class='ocrx_word' id='word_1_201' title='bbox 691 2834 723 2898; x_wconf 92' lang='lat' dir='ltr'><strong>in</strong></span> <span class='ocrx_word' id='word_1_202' title='bbox 742 2835 925 2900; x_wconf 91' lang='lat' dir='ltr'><strong>hodiernum</strong></span> <span class='ocrx_word' id='word_1_203' title='bbox 946 2834 985 2899; x_wconf 93' lang='lat' dir='ltr'><strong>ab</strong></span> <span class='ocrx_word' id='word_1_204' title='bbox 1006 2834 1063 2899; x_wconf 94' lang='lat' dir='ltr'><strong>illo</strong></span> <span class='ocrx_word' id='word_1_205' title='bbox 1088 2834 1258 2918; x_wconf 90' lang='lat' dir='ltr'><strong>dissipatus</strong></span> <span class='ocrx_word' id='word_1_206' title='bbox 1284 2836 1316 2899; x_wconf 92' lang='lat' dir='ltr'><strong>et</strong></span> 
     </span>
     <span class='ocr_line' id='line_1_24' title="bbox 131 2935 1315 3021; baseline -0.002 -16"><span class='ocrx_word' id='word_1_207' title='bbox 131 2935 134 2942; x_wconf 86' lang='lat'>&#39;</span> <span class='ocrx_word' id='word_1_208' title='bbox 191 2939 373 3006; x_wconf 88' lang='lat' dir='ltr'><strong>uulneratus</strong></span> <span class='ocrx_word' id='word_1_209' title='bbox 388 2937 785 3021; x_wconf 82' lang='lat' dir='ltr'><strong>contemniturcolligatur.</strong></span> <span class='ocrx_word' id='word_1_210' title='bbox 803 2935 939 3002; x_wconf 84' lang='lat' dir='ltr'><strong>sufficiat</strong></span> <span class='ocrx_word' id='word_1_211' title='bbox 952 2938 1068 3004; x_wconf 91' lang='lat' dir='ltr'><strong>multos</strong></span> <span class='ocrx_word' id='word_1_212' title='bbox 1084 2937 1150 3002; x_wconf 90' lang='lat' dir='ltr'><strong>illio</strong></span> <span class='ocrx_word' id='word_1_213' title='bbox 1161 2956 1196 3002; x_wconf 85' lang='lat' dir='ltr'><strong>er</strong></span> <span class='ocrx_word' id='word_1_214' title='bbox 1207 2937 1315 3004; x_wconf 87' lang='lat' dir='ltr'><strong>iratri-</strong></span> 
     </span>
     <span class='ocr_line' id='line_1_25' title="bbox 188 3039 1315 3124; baseline -0.002 -17"><span class='ocrx_word' id='word_1_215' title='bbox 188 3043 248 3108; x_wconf 85' lang='lat' dir='ltr'><strong>bus</strong></span> <span class='ocrx_word' id='word_1_216' title='bbox 258 3041 372 3109; x_wconf 90' lang='lat' dir='ltr'><strong>nostris</strong></span> <span class='ocrx_word' id='word_1_217' title='bbox 383 3041 470 3106; x_wconf 86' lang='lat' dir='ltr'><strong>annis</strong></span> <span class='ocrx_word' id='word_1_218' title='bbox 482 3039 553 3106; x_wconf 87' lang='lat' dir='ltr'><strong>istis</strong></span> <span class='ocrx_word' id='word_1_219' title='bbox 565 3039 773 3123; x_wconf 88' lang='lat' dir='ltr'><strong>superioribus</strong></span> <span class='ocrx_word' id='word_1_220' title='bbox 788 3040 952 3106; x_wconf 80' lang='lat' dir='ltr'><strong>excessisse</strong></span> <span class='ocrx_word' id='word_1_221' title='bbox 962 3042 1028 3106; x_wconf 89' lang='lat' dir='ltr'><strong>sine</strong></span> <span class='ocrx_word' id='word_1_222' title='bbox 1039 3060 1123 3124; x_wconf 88' lang='lat' dir='ltr'><strong>pace.</strong></span> <span class='ocrx_word' id='word_1_223' title='bbox 1138 3040 1190 3105; x_wconf 91' lang='lat' dir='ltr'><strong>uel</strong></span> <span class='ocrx_word' id='word_1_224' title='bbox 1206 3042 1315 3106; x_wconf 90' lang='lat' dir='ltr'><strong>ceteris</strong></span> 
     </span>
    </p>
   </div>
   <div class='ocr_carea' id='block_1_3' title="bbox 183 3243 1316 4506">
    <p class='ocr_par' dir='ltr' id='par_1_3' title="bbox 183 3243 1316 4506">
     <span class='ocr_line' id='line_1_26' title="bbox 240 3243 1282 3316; baseline 0 -16"><span class='ocrx_word' id='word_1_225' title='bbox 240 3246 382 3316; x_wconf 79' lang='lat' dir='ltr'><strong>2oollcgi0</strong></span> <span class='ocrx_word' id='word_1_226' title='bbox 395 3261 429 3300; x_wconf 77' lang='lat' dir='ltr'><strong>eu</strong></span> <span class='ocrx_word' id='word_1_227' title='bbox 440 3245 560 3299; x_wconf 78' lang='lat' dir='ltr'><strong>mllectio</strong></span> <span class='ocrx_word' id='word_1_228' title='bbox 578 3244 601 3300; x_wconf 83' lang='lat' dir='ltr'><em>O</em></span> <span class='ocrx_word' id='word_1_229' title='bbox 730 3244 881 3316; x_wconf 81' lang='lat' dir='ltr'><strong>patistnrp</strong></span> <span class='ocrx_word' id='word_1_230' title='bbox 1012 3243 1137 3300; x_wconf 89' lang='lat' dir='ltr'><strong>uideatur</strong></span> <span class='ocrx_word' id='word_1_231' title='bbox 1148 3260 1165 3298; x_wconf 93' lang='lat' dir='ltr'><strong>a</strong></span> <span class='ocrx_word' id='word_1_232' title='bbox 1175 3244 1282 3300; x_wconf 88' lang='lat' dir='ltr'><strong>nobiso</strong></span> 
     </span>
     <span class='ocr_line' id='line_1_27' title="bbox 189 3329 1316 3403; baseline -0.002 -17"><span class='ocrx_word' id='word_1_233' title='bbox 189 3331 326 3386; x_wconf 86' lang='lat' dir='ltr'><strong>3uidetur</strong></span> <span class='ocrx_word' id='word_1_234' title='bbox 341 3333 395 3403; x_wconf 82' lang='lat' dir='ltr'><strong>Gop</strong></span> <span class='ocrx_word' id='word_1_235' title='bbox 493 3331 633 3386; x_wconf 80' lang='lat' dir='ltr'><strong>abstentus</strong></span> <span class='ocrx_word' id='word_1_236' title='bbox 649 3331 756 3386; x_wconf 77' lang='lat' dir='ltr'><strong>G¹item</strong></span> <span class='ocrx_word' id='word_1_237' title='bbox 768 3331 816 3385; x_wconf 80' lang='lat' dir='ltr'><strong>lo</strong></span> <span class='ocrx_word' id='word_1_238' title='bbox 914 3329 995 3400; x_wconf 88' lang='lat' dir='ltr'><strong>quod]</strong></span> <span class='ocrx_word' id='word_1_239' title='bbox 1008 3332 1055 3399; x_wconf 91' lang='lat' dir='ltr'><strong>qui</strong></span> <span class='ocrx_word' id='word_1_240' title='bbox 1066 3331 1092 3384; x_wconf 85' lang='lat' dir='ltr'><strong><em>Z</em></strong></span> <span class='ocrx_word' id='word_1_241' title='bbox 1193 3332 1316 3385; x_wconf 85' lang='lat' dir='ltr'><strong>5ncstra</strong></span> 
     </span>
     <span class='ocr_line' id='line_1_28' title="bbox 188 3416 1316 3492; baseline -0.002 -20"><span class='ocrx_word' id='word_1_242' title='bbox 188 3434 216 3472; x_wconf 89' lang='lat' dir='ltr'><strong>se</strong></span> <span class='ocrx_word' id='word_1_243' title='bbox 229 3417 277 3482; x_wconf 84' lang='lat' dir='ltr'><strong>Zo,</strong></span> <span class='ocrx_word' id='word_1_244' title='bbox 290 3433 318 3471; x_wconf 87' lang='lat' dir='ltr'><strong>so</strong></span> <span class='ocrx_word' id='word_1_245' title='bbox 330 3419 423 3471; x_wconf 91' lang='lat' dir='ltr'><strong>sancta</strong></span> <span class='ocrx_word' id='word_1_246' title='bbox 439 3417 465 3472; x_wconf 84' lang='lat' dir='ltr'><strong><em>V</em></strong></span> <span class='ocrx_word' id='word_1_247' title='bbox 588 3417 604 3470; x_wconf 74' lang='lat'>7</span> <span class='ocrx_word' id='word_1_248' title='bbox 617 3417 738 3470; x_wconf 85' lang='lat' dir='ltr'><strong>affricam</strong></span> <span class='ocrx_word' id='word_1_249' title='bbox 749 3417 801 3472; x_wconf 83' lang='lat' dir='ltr'><strong>Zio</strong></span> <span class='ocrx_word' id='word_1_250' title='bbox 923 3417 1028 3486; x_wconf 79' lang='lat' dir='ltr'><strong>legatos</strong></span> <span class='ocrx_word' id='word_1_251' title='bbox 1040 3432 1089 3471; x_wconf 81' lang='lat' dir='ltr'><strong>om.</strong></span> <span class='ocrx_word' id='word_1_252' title='bbox 1103 3417 1135 3481; x_wconf 84' lang='lat' dir='ltr'><strong>Z,</strong></span> <span class='ocrx_word' id='word_1_253' title='bbox 1148 3416 1271 3492; x_wconf 80' lang='lat' dir='ltr'><strong>legatum</strong></span> <span class='ocrx_word' id='word_1_254' title='bbox 1282 3433 1316 3470; x_wconf 79' lang='lat' dir='ltr'><strong>ex</strong></span> 
     </span>
     <span class='ocr_line' id='line_1_29' title="bbox 187 3502 1284 3573; baseline -0.003 -14"><span class='ocrx_word' id='word_1_255' title='bbox 187 3504 333 3573; x_wconf 75' lang='lat' dir='ltr'><strong>legeturt&#39;</strong></span> <span class='ocrx_word' id='word_1_256' title='bbox 429 3503 472 3573; x_wconf 84' lang='lat' dir='ltr'><strong>ad]</strong></span> <span class='ocrx_word' id='word_1_257' title='bbox 486 3519 502 3556; x_wconf 87' lang='lat' dir='ltr'><strong>a</strong></span> <span class='ocrx_word' id='word_1_258' title='bbox 514 3503 541 3556; x_wconf 89' lang='lat' dir='ltr'><em>Z</em></span> <span class='ocrx_word' id='word_1_259' title='bbox 547 3515 550 3522; x_wconf 90' lang='grc'><strong>’</strong></span> <span class='ocrx_word' id='word_1_260' title='bbox 639 3503 794 3558; x_wconf 73' lang='lat' dir='ltr'><strong>tibiucam.</strong></span> <span class='ocrx_word' id='word_1_261' title='bbox 807 3503 835 3556; x_wconf 88' lang='grc' dir='ltr'><em>Ζ</em></span> <span class='ocrx_word' id='word_1_262' title='bbox 929 3504 955 3572; x_wconf 85' lang='lat' dir='ltr'><strong>a]</strong></span> <span class='ocrx_word' id='word_1_263' title='bbox 969 3502 998 3556; x_wconf 91' lang='lat' dir='ltr'><strong>in</strong></span> <span class='ocrx_word' id='word_1_264' title='bbox 1010 3502 1037 3555; x_wconf 84' lang='lat' dir='ltr'><strong><em>Z</em></strong></span> <span class='ocrx_word' id='word_1_265' title='bbox 1132 3502 1244 3556; x_wconf 89' lang='lat' dir='ltr'><strong>oonsilio</strong></span> <span class='ocrx_word' id='word_1_266' title='bbox 1257 3502 1284 3555; x_wconf 92' lang='grc' dir='ltr'><em>Ζ</em></span> 
     </span>
     <span class='ocr_line' id='line_1_30' title="bbox 187 3588 1316 3658; baseline -0.004 -13"><span class='ocrx_word' id='word_1_267' title='bbox 187 3591 204 3645; x_wconf 85' lang='lat'>9</span> <span class='ocrx_word' id='word_1_268' title='bbox 216 3593 294 3644; x_wconf 85' lang='lat' dir='ltr'><strong>crant</strong></span> <span class='ocrx_word' id='word_1_269' title='bbox 305 3589 333 3643; x_wconf 91' lang='grc' dir='ltr'><em>Ζ</em></span> <span class='ocrx_word' id='word_1_270' title='bbox 442 3589 591 3644; x_wconf 85' lang='lat' dir='ltr'><strong>retulerunt</strong></span> <span class='ocrx_word' id='word_1_271' title='bbox 604 3589 631 3642; x_wconf 94' lang='grc' dir='ltr'><em>Ζ</em></span> <span class='ocrx_word' id='word_1_272' title='bbox 739 3589 804 3658; x_wconf 87' lang='lat' dir='ltr'><strong>esse]</strong></span> <span class='ocrx_word' id='word_1_273' title='bbox 818 3591 846 3643; x_wconf 88' lang='lat' dir='ltr'><strong>et</strong></span> <span class='ocrx_word' id='word_1_274' title='bbox 858 3588 1005 3644; x_wconf 87' lang='lat' dir='ltr'><strong>hereticum</strong></span> <span class='ocrx_word' id='word_1_275' title='bbox 1018 3603 1075 3643; x_wconf 89' lang='lat' dir='ltr'><strong>esse</strong></span> <span class='ocrx_word' id='word_1_276' title='bbox 1087 3588 1115 3642; x_wconf 91' lang='grc' dir='ltr'><em>Ζ</em></span> <span class='ocrx_word' id='word_1_277' title='bbox 1224 3604 1316 3656; x_wconf 87' lang='lat' dir='ltr'><strong>aquo·</strong></span> 
     </span>
     <span class='ocr_line' id='line_1_31' title="bbox 187 3659 1315 3746; baseline -0.003 -15"><span class='ocrx_word' id='word_1_278' title='bbox 187 3677 516 3746; x_wconf 80' lang='lat' dir='ltr'><strong>quam1iamquemquam</strong></span> <span class='ocrx_word' id='word_1_279' title='bbox 529 3675 556 3728; x_wconf 94' lang='grc' dir='ltr'><em>Ζ</em></span> <span class='ocrx_word' id='word_1_280' title='bbox 702 3676 736 3731; x_wconf 91' lang='grc'><strong>10</strong></span> <span class='ocrx_word' id='word_1_281' title='bbox 747 3659 808 3730; x_wconf 72' lang='grc' dir='ltr'>1ιῆ</span> <span class='ocrx_word' id='word_1_282' title='bbox 823 3675 848 3731; x_wconf 79' lang='lat' dir='ltr'><em>O</em></span> <span class='ocrx_word' id='word_1_283' title='bbox 855 3674 903 3730; x_wconf 82' lang='lat' dir='ltr'><strong>sed</strong></span> <span class='ocrx_word' id='word_1_284' title='bbox 915 3691 942 3728; x_wconf 93' lang='lat' dir='ltr'><strong>m</strong></span> <span class='ocrx_word' id='word_1_285' title='bbox 954 3675 987 3729; x_wconf 78' lang='lat' dir='ltr'><strong>isa</strong></span> <span class='ocrx_word' id='word_1_286' title='bbox 997 3690 1062 3743; x_wconf 81' lang='lat' dir='ltr'><strong>rua,</strong></span> <span class='ocrx_word' id='word_1_287' title='bbox 1074 3675 1198 3728; x_wconf 84' lang='lat' dir='ltr'><strong>nostrum</strong></span> <span class='ocrx_word' id='word_1_288' title='bbox 1209 3674 1266 3741; x_wconf 85' lang='lat' dir='ltr'><strong>Zo‚·</strong></span> <span class='ocrx_word' id='word_1_289' title='bbox 1278 3675 1315 3741; x_wconf 71' lang='lat' dir='ltr'><strong>cf.</strong></span> 
     </span>
     <span class='ocr_line' id='line_1_32' title="bbox 183 3743 1276 3832; baseline -0.004 -14"><span class='ocrx_word' id='word_1_290' title='bbox 183 3781 214 3832; x_wconf 89' lang='lat' dir='ltr'><strong>p.</strong></span> <span class='ocrx_word' id='word_1_291' title='bbox 226 3765 326 3832; x_wconf 78' lang='lat'><strong><em>50⁶,24</em></strong></span> <span class='ocrx_word' id='word_1_292' title='bbox 445 3761 639 3816; x_wconf 88' lang='lat' dir='ltr'><strong>communicare</strong></span> <span class='ocrx_word' id='word_1_293' title='bbox 651 3761 679 3814; x_wconf 92' lang='grc' dir='ltr'><em>Ζ</em></span> <span class='ocrx_word' id='word_1_294' title='bbox 796 3760 846 3815; x_wconf 91' lang='lat' dir='ltr'><strong>sub</strong></span> <span class='ocrx_word' id='word_1_295' title='bbox 857 3743 918 3830; x_wconf 51' lang='lat' dir='ltr'><strong>apd</strong></span> <span class='ocrx_word' id='word_1_296' title='bbox 917 3760 946 3814; x_wconf 86' lang='lat' dir='ltr'><em>Z</em></span> <span class='ocrx_word' id='word_1_297' title='bbox 1063 3759 1196 3814; x_wconf 86' lang='lat' dir='ltr'><strong>catholica</strong></span> <span class='ocrx_word' id='word_1_298' title='bbox 1208 3759 1238 3814; x_wconf 90' lang='lat' dir='ltr'><strong>in</strong></span> <span class='ocrx_word' id='word_1_299' title='bbox 1249 3765 1276 3814; x_wconf 89' lang='lat' dir='ltr'><strong>o¹</strong></span> 
     </span>
     <span class='ocr_line' id='line_1_33' title="bbox 187 3845 1316 3915; baseline -0.003 -13"><span class='ocrx_word' id='word_1_300' title='bbox 187 3849 220 3902; x_wconf 90' lang='lat'><strong>11</strong></span> <span class='ocrx_word' id='word_1_301' title='bbox 233 3849 360 3903; x_wconf 87' lang='lat' dir='ltr'><strong>ecelesiae</strong></span> <span class='ocrx_word' id='word_1_302' title='bbox 375 3848 408 3903; x_wconf 85' lang='lat'><strong>0¹</strong></span> <span class='ocrx_word' id='word_1_303' title='bbox 499 3846 531 3900; x_wconf 89' lang='lat' dir='ltr'><strong>de</strong></span> <span class='ocrx_word' id='word_1_304' title='bbox 544 3863 593 3900; x_wconf 82' lang='lat' dir='ltr'><strong>coa.</strong></span> <span class='ocrx_word' id='word_1_305' title='bbox 611 3846 634 3902; x_wconf 82' lang='lat'><em>0</em></span> <span class='ocrx_word' id='word_1_306' title='bbox 718 3849 746 3901; x_wconf 88' lang='lat' dir='ltr'><strong>et</strong></span> <span class='ocrx_word' id='word_1_307' title='bbox 756 3862 837 3902; x_wconf 70' lang='lat' dir='ltr'><strong>omo</strong></span> <span class='ocrx_word' id='word_1_308' title='bbox 929 3845 1005 3915; x_wconf 88' lang='lat' dir='ltr'><strong>cleri]</strong></span> <span class='ocrx_word' id='word_1_309' title='bbox 1018 3846 1061 3899; x_wconf 90' lang='lat' dir='ltr'><strong>dei</strong></span> <span class='ocrx_word' id='word_1_310' title='bbox 1073 3845 1101 3899; x_wconf 88' lang='lat' dir='ltr'><em>Z</em></span> <span class='ocrx_word' id='word_1_311' title='bbox 1190 3847 1223 3900; x_wconf 94' lang='grc'><strong>12</strong></span> <span class='ocrx_word' id='word_1_312' title='bbox 1235 3847 1316 3900; x_wconf 77' lang='lat' dir='ltr'><strong>sacm-</strong></span> 
     </span>
     <span class='ocr_line' id='line_1_34' title="bbox 186 3930 1316 4004; baseline -0.003 -15"><span class='ocrx_word' id='word_1_313' title='bbox 186 3935 277 4004; x_wconf 83' lang='lat' dir='ltr'><strong>legam</strong></span> <span class='ocrx_word' id='word_1_314' title='bbox 293 3935 316 3991; x_wconf 85' lang='lat'><em>0</em></span> <span class='ocrx_word' id='word_1_315' title='bbox 439 3933 472 3988; x_wconf 87' lang='grc'><strong>13</strong></span> <span class='ocrx_word' id='word_1_316' title='bbox 484 3932 650 3987; x_wconf 84' lang='lat' dir='ltr'><strong>sacerdotnm</strong></span> <span class='ocrx_word' id='word_1_317' title='bbox 662 3935 691 3988; x_wconf 87' lang='lat'><strong>0¹</strong></span> <span class='ocrx_word' id='word_1_318' title='bbox 817 3933 852 3987; x_wconf 88' lang='lat'><strong>14</strong></span> <span class='ocrx_word' id='word_1_319' title='bbox 861 3932 992 4002; x_wconf 88' lang='lat' dir='ltr'><strong>respicere</strong></span> <span class='ocrx_word' id='word_1_320' title='bbox 1008 3930 1071 4001; x_wconf 80' lang='lat' dir='ltr'><strong>GZp</strong></span> <span class='ocrx_word' id='word_1_321' title='bbox 1191 3932 1226 3986; x_wconf 82' lang='lat'><strong>14</strong></span> <span class='ocrx_word' id='word_1_322' title='bbox 1237 3947 1316 3987; x_wconf 84' lang='lat' dir='ltr'><strong>sanae</strong></span> 
     </span>
     <span class='ocr_line' id='line_1_35' title="bbox 187 4017 1313 4088; baseline -0.002 -14"><span class='ocrx_word' id='word_1_323' title='bbox 187 4036 221 4074; x_wconf 75' lang='lat' dir='ltr'><strong>es</strong></span> <span class='ocrx_word' id='word_1_324' title='bbox 233 4035 309 4074; x_wconf 85' lang='lat' dir='ltr'><strong>saera</strong></span> <span class='ocrx_word' id='word_1_325' title='bbox 326 4021 348 4076; x_wconf 84' lang='grc' dir='ltr'><em>Ο</em></span> <span class='ocrx_word' id='word_1_326' title='bbox 466 4019 499 4074; x_wconf 84' lang='grc'><strong>15</strong></span> <span class='ocrx_word' id='word_1_327' title='bbox 511 4017 627 4088; x_wconf 81' lang='lat' dir='ltr'><strong>agereZ</strong></span> <span class='ocrx_word' id='word_1_328' title='bbox 747 4018 839 4088; x_wconf 84' lang='lat' dir='ltr'><strong>suplex</strong></span> <span class='ocrx_word' id='word_1_329' title='bbox 851 4034 885 4074; x_wconf 75' lang='lat' dir='ltr'><strong>ex</strong></span> <span class='ocrx_word' id='word_1_330' title='bbox 896 4018 1009 4087; x_wconf 83' lang='lat' dir='ltr'><strong>simplex</strong></span> <span class='ocrx_word' id='word_1_331' title='bbox 1026 4018 1049 4073; x_wconf 84' lang='grc'><em>0</em></span> <span class='ocrx_word' id='word_1_332' title='bbox 1168 4017 1202 4072; x_wconf 86' lang='grc'><strong>16</strong></span> <span class='ocrx_word' id='word_1_333' title='bbox 1212 4019 1313 4088; x_wconf 88' lang='lat' dir='ltr'><strong>retuso]</strong></span> 
     </span>
     <span class='ocr_line' id='line_1_36' title="bbox 188 4103 1285 4175; baseline 0 -17"><span class='ocrx_word' id='word_1_334' title='bbox 188 4119 281 4160; x_wconf 88' lang='lat' dir='ltr'><strong>recuso</strong></span> <span class='ocrx_word' id='word_1_335' title='bbox 292 4122 308 4160; x_wconf 92' lang='lat' dir='ltr'><strong>o</strong></span> <span class='ocrx_word' id='word_1_336' title='bbox 320 4106 367 4161; x_wconf 84' lang='lat' dir='ltr'><strong>sed</strong></span> <span class='ocrx_word' id='word_1_337' title='bbox 380 4108 501 4160; x_wconf 87' lang='lat' dir='ltr'><strong>recusato</strong></span> <span class='ocrx_word' id='word_1_338' title='bbox 512 4107 544 4159; x_wconf 78' lang='lat' dir='ltr'><strong>ia</strong></span> <span class='ocrx_word' id='word_1_339' title='bbox 556 4121 640 4175; x_wconf 82' lang='lat' dir='ltr'><strong>marp.</strong></span> <span class='ocrx_word' id='word_1_340' title='bbox 651 4121 687 4158; x_wconf 86' lang='lat' dir='ltr'><strong>m.</strong></span> <span class='ocrx_word' id='word_1_341' title='bbox 700 4107 719 4158; x_wconf 77' lang='lat'><em>2</em></span> <span class='ocrx_word' id='word_1_342' title='bbox 832 4107 956 4174; x_wconf 87' lang='lat' dir='ltr'><strong>reputato</strong></span> <span class='ocrx_word' id='word_1_343' title='bbox 969 4105 993 4160; x_wconf 83' lang='lat'><strong><em>0</em></strong></span> <span class='ocrx_word' id='word_1_344' title='bbox 1106 4104 1138 4157; x_wconf 84' lang='grc'><strong>17</strong></span> <span class='ocrx_word' id='word_1_345' title='bbox 1151 4103 1244 4159; x_wconf 89' lang='lat' dir='ltr'><strong>urbem</strong></span> <span class='ocrx_word' id='word_1_346' title='bbox 1256 4104 1285 4158; x_wconf 91' lang='lat' dir='ltr'><em>Z</em></span> 
     </span>
     <span class='ocr_line' id='line_1_37' title="bbox 187 4191 1315 4262; baseline 0.003 -19"><span class='ocrx_word' id='word_1_347' title='bbox 187 4191 310 4246; x_wconf 85' lang='lat' dir='ltr'><strong>abstento</strong></span> <span class='ocrx_word' id='word_1_348' title='bbox 325 4193 358 4248; x_wconf 80' lang='lat'><strong>0¹</strong></span> <span class='ocrx_word' id='word_1_349' title='bbox 453 4193 532 4262; x_wconf 87' lang='lat' dir='ltr'><strong>nunc]</strong></span> <span class='ocrx_word' id='word_1_350' title='bbox 545 4207 597 4245; x_wconf 89' lang='lat' dir='ltr'><strong>non</strong></span> <span class='ocrx_word' id='word_1_351' title='bbox 611 4213 627 4262; x_wconf 86' lang='grc' dir='ltr'><em>ρ</em></span> <span class='ocrx_word' id='word_1_352' title='bbox 718 4191 872 4246; x_wconf 75' lang='lat' dir='ltr'><strong>adulatores</strong></span> <span class='ocrx_word' id='word_1_353' title='bbox 884 4191 947 4246; x_wconf 81' lang='lat' dir='ltr'><strong>add.</strong></span> <span class='ocrx_word' id='word_1_354' title='bbox 960 4207 976 4245; x_wconf 92' lang='lat' dir='ltr'><strong>o</strong></span> <span class='ocrx_word' id='word_1_355' title='bbox 987 4208 1022 4245; x_wconf 84' lang='lat' dir='ltr'><strong>m.</strong></span> <span class='ocrx_word' id='word_1_356' title='bbox 1034 4207 1087 4246; x_wconf 82' lang='lat' dir='ltr'><strong>rec.</strong></span> <span class='ocrx_word' id='word_1_357' title='bbox 1183 4192 1217 4246; x_wconf 90' lang='lat'><strong>18</strong></span> <span class='ocrx_word' id='word_1_358' title='bbox 1227 4191 1315 4261; x_wconf 84' lang='lat' dir='ltr'><strong>patia-</strong></span> 
     </span>
     <span class='ocr_line' id='line_1_38' title="bbox 188 4276 1316 4348; baseline 0.001 -18"><span class='ocrx_word' id='word_1_359' title='bbox 188 4293 248 4331; x_wconf 88' lang='lat' dir='ltr'><strong>mns</strong></span> <span class='ocrx_word' id='word_1_360' title='bbox 264 4278 287 4333; x_wconf 85' lang='grc'><em>0</em></span> <span class='ocrx_word' id='word_1_361' title='bbox 377 4279 411 4333; x_wconf 87' lang='grc'><strong>19</strong></span> <span class='ocrx_word' id='word_1_362' title='bbox 423 4278 549 4348; x_wconf 88' lang='lat' dir='ltr'><strong>iudicare]</strong></span> <span class='ocrx_word' id='word_1_363' title='bbox 561 4277 697 4332; x_wconf 83' lang='lat' dir='ltr'><strong>uindicare</strong></span> <span class='ocrx_word' id='word_1_364' title='bbox 710 4293 725 4331; x_wconf 93' lang='lat' dir='ltr'><strong>o</strong></span> <span class='ocrx_word' id='word_1_365' title='bbox 819 4276 855 4332; x_wconf 88' lang='grc'><strong>20</strong></span> <span class='ocrx_word' id='word_1_366' title='bbox 866 4276 1028 4348; x_wconf 76' lang='lat' dir='ltr'><strong>dirigentur]</strong></span> <span class='ocrx_word' id='word_1_367' title='bbox 1040 4276 1106 4331; x_wconf 82' lang='lat' dir='ltr'><strong>cdd.</strong></span> <span class='ocrx_word' id='word_1_368' title='bbox 1119 4276 1159 4331; x_wconf 85' lang='lat' dir='ltr'><strong>Z:</strong></span> <span class='ocrx_word' id='word_1_369' title='bbox 1171 4277 1257 4346; x_wconf 92' lang='lat' dir='ltr'><strong>primo</strong></span> <span class='ocrx_word' id='word_1_370' title='bbox 1268 4279 1316 4331; x_wconf 84' lang='lat' dir='ltr'><strong>tue</strong></span> 
     </span>
     <span class='ocr_line' id='line_1_39' title="bbox 187 4362 1316 4436; baseline 0 -20"><span class='ocrx_word' id='word_1_371' title='bbox 187 4363 280 4417; x_wconf 87' lang='lat' dir='ltr'><strong>littore</strong></span> <span class='ocrx_word' id='word_1_372' title='bbox 365 4365 463 4420; x_wconf 87' lang='lat' dir='ltr'><strong>arelati</strong></span> <span class='ocrx_word' id='word_1_373' title='bbox 475 4365 503 4419; x_wconf 94' lang='grc' dir='ltr'><em>Ζ</em></span> <span class='ocrx_word' id='word_1_374' title='bbox 586 4363 620 4418; x_wconf 93' lang='grc'><strong>21</strong></span> <span class='ocrx_word' id='word_1_375' title='bbox 632 4379 649 4417; x_wconf 85' lang='lat' dir='ltr'><strong>a</strong></span> <span class='ocrx_word' id='word_1_376' title='bbox 660 4365 688 4418; x_wconf 88' lang='lat' dir='ltr'><strong>te</strong></span> <span class='ocrx_word' id='word_1_377' title='bbox 700 4362 809 4417; x_wconf 86' lang='lat' dir='ltr'><strong>litterae</strong></span> <span class='ocrx_word' id='word_1_378' title='bbox 822 4379 871 4418; x_wconf 79' lang='lat' dir='ltr'><strong>cor.</strong></span> <span class='ocrx_word' id='word_1_379' title='bbox 885 4363 913 4416; x_wconf 93' lang='grc' dir='ltr'><em>Ζ</em></span> <span class='ocrx_word' id='word_1_380' title='bbox 994 4362 1082 4418; x_wconf 83' lang='lat' dir='ltr'><strong>locum</strong></span> <span class='ocrx_word' id='word_1_381' title='bbox 1092 4363 1154 4436; x_wconf 78' lang='lat' dir='ltr'><strong>iope</strong></span> <span class='ocrx_word' id='word_1_382' title='bbox 1238 4363 1273 4417; x_wconf 84' lang='grc'><strong>23</strong></span> <span class='ocrx_word' id='word_1_383' title='bbox 1284 4378 1316 4416; x_wconf 88' lang='lat' dir='ltr'><strong>ex</strong></span> 
     </span>
     <span class='ocr_line' id='line_1_40' title="bbox 186 4450 701 4506; baseline 0.002 -2"><span class='ocrx_word' id='word_1_384' title='bbox 186 4465 221 4504; x_wconf 75' lang='lat' dir='ltr'><strong>ea</strong></span> <span class='ocrx_word' id='word_1_385' title='bbox 233 4452 262 4503; x_wconf 88' lang='lat' dir='ltr'><strong>et</strong></span> <span class='ocrx_word' id='word_1_386' title='bbox 279 4450 303 4506; x_wconf 84' lang='lat'><em>0</em></span> <span class='ocrx_word' id='word_1_387' title='bbox 700 4461 701 4464; x_wconf 74' lang='grc'>’</span> 
     </span>
    </p>
   </div>
   <div class='ocr_carea' id='block_1_4' title="bbox 0 0 1626 5159">
    <p class='ocr_par' dir='ltr' id='par_1_4' title="bbox 0 0 1626 5159">
     <span class='ocr_line' id='line_1_41' title="bbox 0 0 1626 5159; baseline 0 1"><span class='ocrx_word' id='word_1_388' title='bbox 0 0 1626 5159; x_wconf 95' lang='lat' dir='ltr'><strong> </strong></span> 
     </span>
    </p>
   </div>
  </div>
 </body>
</html>
