<?xml version="1.0" encoding="UTF-8"?>
<!DOCTYPE html PUBLIC "-//W3C//DTD XHTML 1.0 Transitional//EN"
    "http://www.w3.org/TR/xhtml1/DTD/xhtml1-transitional.dtd">
<html xmlns="http://www.w3.org/1999/xhtml" xml:lang="en" lang="en">
 <head>
  <title>
</title>
<meta http-equiv="Content-Type" content="text/html;charset=utf-8" />
  <meta name='ocr-system' content='tesseract 3.04.00' />
  <meta name='ocr-capabilities' content='ocr_page ocr_carea ocr_par ocr_line ocrx_word'/>
</head>
<body>
  <div class='ocr_page' id='page_1' title='image "./corpusscriptoru04wiengoog_0149.png"; bbox 0 0 3242 5159; ppageno 0'>
   <div class='ocr_carea' id='block_1_1' title="bbox 617 560 1315 632">
    <p class='ocr_par' dir='ltr' id='par_1_1' title="bbox 617 560 1315 632">
     <span class='ocr_line' id='line_1_1' title="bbox 617 560 1315 632; baseline 0.006 -18"><span class='ocrx_word' id='word_1_1' title='bbox 617 560 752 616; x_wconf 74' lang='lat' dir='ltr'>Tastina</span> <span class='ocrx_word' id='word_1_2' title='bbox 771 560 824 626; x_wconf 89' lang='lat'>111,</span> <span class='ocrx_word' id='word_1_3' title='bbox 843 560 890 618; x_wconf 82' lang='lat'>20.</span> <span class='ocrx_word' id='word_1_4' title='bbox 1255 565 1315 632; x_wconf 79' lang='grc'>137</span> 
     </span>
    </p>
   </div>
   <div class='ocr_carea' id='block_1_2' title="bbox 151 717 1324 3287">
    <p class='ocr_par' dir='ltr' id='par_1_2' title="bbox 151 717 1324 3287">
     <span class='ocr_line' id='line_1_2' title="bbox 187 717 1315 802; baseline 0 -16"><span class='ocrx_word' id='word_1_5' title='bbox 187 739 259 786; x_wconf 91' lang='lat' dir='ltr'>cum</span> <span class='ocrx_word' id='word_1_6' title='bbox 274 718 442 784; x_wconf 90' lang='lat' dir='ltr'>secundum</span> <span class='ocrx_word' id='word_1_7' title='bbox 457 717 720 800; x_wconf 78' lang='lat' dir='ltr'>tranquillitatem</span> <span class='ocrx_word' id='word_1_8' title='bbox 734 718 822 782; x_wconf 86' lang='lat' dir='ltr'>tuam</span> <span class='ocrx_word' id='word_1_9' title='bbox 846 719 878 783; x_wconf 86' lang='lat' dir='ltr'>et</span> <span class='ocrx_word' id='word_1_10' title='bbox 892 719 1061 784; x_wconf 89' lang='lat' dir='ltr'>secundum</span> <span class='ocrx_word' id='word_1_11' title='bbox 1076 719 1315 802; x_wconf 87' lang='lat' dir='ltr'>amphtudinem</span> 
     </span>
     <span class='ocr_line' id='line_1_3' title="bbox 188 821 1316 907; baseline -0.001 -16"><span class='ocrx_word' id='word_1_12' title='bbox 188 821 418 892; x_wconf 77' lang='lat' dir='ltr'>misericordiae</span> <span class='ocrx_word' id='word_1_13' title='bbox 432 822 513 886; x_wconf 90' lang='lat' dir='ltr'>tuae.</span> <span class='ocrx_word' id='word_1_14' title='bbox 543 822 591 886; x_wconf 83' lang='lat' dir='ltr'>st</span> <span class='ocrx_word' id='word_1_15' title='bbox 612 821 769 887; x_wconf 90' lang='lat' dir='ltr'>iterum:</span> <span class='ocrx_word' id='word_1_16' title='bbox 793 822 836 888; x_wconf 81' lang='lat' dir='ltr'>Et</span> <span class='ocrx_word' id='word_1_17' title='bbox 850 840 902 887; x_wconf 82' lang='lat' dir='ltr'>rex</span> <span class='ocrx_word' id='word_1_18' title='bbox 917 822 1114 887; x_wconf 91' lang='lat' dir='ltr'>uehementer</span> <span class='ocrx_word' id='word_1_19' title='bbox 1127 823 1253 907; x_wconf 84' lang='lat' dir='ltr'>gauisus</span> <span class='ocrx_word' id='word_1_20' title='bbox 1268 827 1316 891; x_wconf 84' lang='lat' dir='ltr'>est</span> 
     </span>
     <span class='ocr_line' id='line_1_4' title="bbox 188 916 1318 1004; baseline 0.001 -11"><span class='ocrx_word' id='word_1_21' title='bbox 188 927 221 994; x_wconf 87' lang='lat' dir='ltr'>et</span> <span class='ocrx_word' id='word_1_22' title='bbox 234 927 328 992; x_wconf 90' lang='lat' dir='ltr'>iussit</span> <span class='ocrx_word' id='word_1_23' title='bbox 345 925 508 991; x_wconf 84' lang='lat' dir='ltr'>Danielem</span> <span class='ocrx_word' id='word_1_24' title='bbox 529 923 568 989; x_wconf 93' lang='lat' dir='ltr'>de</span> <span class='ocrx_word' id='word_1_25' title='bbox 588 924 659 990; x_wconf 85' lang='lat' dir='ltr'>lacu</span> <span class='ocrx_word' id='word_1_26' title='bbox 679 924 803 992; x_wconf 90' lang='lat' dir='ltr'>leonum</span> <span class='ocrx_word' id='word_1_27' title='bbox 826 925 900 1004; x_wconf 87' lang='lat' dir='ltr'>eici,</span> <span class='ocrx_word' id='word_1_28' title='bbox 923 927 955 990; x_wconf 88' lang='lat' dir='ltr'>et</span> <span class='ocrx_word' id='word_1_29' title='bbox 975 925 1056 991; x_wconf 89' lang='lat' dir='ltr'>nihil</span> <span class='ocrx_word' id='word_1_30' title='bbox 1072 916 1126 990; x_wconf 86' lang='lat' dir='ltr'>&#39;illi</span> <span class='ocrx_word' id='word_1_31' title='bbox 1148 929 1318 993; x_wconf 87' lang='lat' dir='ltr'>nocuerunt</span> 
     </span>
     <span class='ocr_line' id='line_1_5' title="bbox 189 1028 1318 1114; baseline 0.001 -19"><span class='ocrx_word' id='word_1_32' title='bbox 189 1030 300 1109; x_wconf 87' lang='lat' dir='ltr'>leones,</span> <span class='ocrx_word' id='word_1_33' title='bbox 317 1030 390 1114; x_wconf 89' lang='lat' dir='ltr'>qnia</span> <span class='ocrx_word' id='word_1_34' title='bbox 399 1029 572 1096; x_wconf 87' lang='lat' dir='ltr'>confidebat</span> <span class='ocrx_word' id='word_1_35' title='bbox 582 1028 614 1093; x_wconf 92' lang='lat' dir='ltr'>et</span> <span class='ocrx_word' id='word_1_36' title='bbox 625 1029 770 1094; x_wconf 80' lang='lat' dir='ltr'>eradebat</span> <span class='ocrx_word' id='word_1_37' title='bbox 780 1029 846 1094; x_wconf 92' lang='lat' dir='ltr'>Deo</span> <span class='ocrx_word' id='word_1_38' title='bbox 858 1046 922 1093; x_wconf 87' lang='lat' dir='ltr'>suo.</span> <span class='ocrx_word' id='word_1_39' title='bbox 940 1030 971 1094; x_wconf 93' lang='lat' dir='ltr'>et</span> <span class='ocrx_word' id='word_1_40' title='bbox 986 1029 1078 1093; x_wconf 89' lang='lat' dir='ltr'>iussit</span> <span class='ocrx_word' id='word_1_41' title='bbox 1092 1047 1160 1095; x_wconf 83' lang='lat' dir='ltr'>rex:</span> <span class='ocrx_word' id='word_1_42' title='bbox 1176 1031 1207 1094; x_wconf 88' lang='lat' dir='ltr'>et</span> <span class='ocrx_word' id='word_1_43' title='bbox 1221 1029 1318 1096; x_wconf 83' lang='lat' dir='ltr'>duxe-</span> 
     </span>
     <span class='ocr_line' id='line_1_6' title="bbox 152 1132 1317 1217; baseline 0.002 -19"><span class='ocrx_word' id='word_1_44' title='bbox 152 1157 165 1198; x_wconf 68' lang='grc' dir='ltr'>ι</span> <span class='ocrx_word' id='word_1_45' title='bbox 186 1135 261 1201; x_wconf 86' lang='lat' dir='ltr'>runt</span> <span class='ocrx_word' id='word_1_46' title='bbox 275 1134 346 1199; x_wconf 91' lang='lat' dir='ltr'>illos</span> <span class='ocrx_word' id='word_1_47' title='bbox 372 1134 511 1200; x_wconf 89' lang='lat' dir='ltr'>homines</span> <span class='ocrx_word' id='word_1_48' title='bbox 532 1134 585 1217; x_wconf 86' lang='lat' dir='ltr'>qui</span> <span class='ocrx_word' id='word_1_49' title='bbox 605 1136 824 1200; x_wconf 86' lang='lat' dir='ltr'>accusauerant</span> <span class='ocrx_word' id='word_1_50' title='bbox 844 1132 1007 1199; x_wconf 89' lang='lat' dir='ltr'>Danielem</span> <span class='ocrx_word' id='word_1_51' title='bbox 1029 1135 1061 1198; x_wconf 88' lang='lat' dir='ltr'>et</span> <span class='ocrx_word' id='word_1_52' title='bbox 1076 1135 1227 1199; x_wconf 85' lang='lat' dir='ltr'>miserunt</span> <span class='ocrx_word' id='word_1_53' title='bbox 1245 1134 1317 1200; x_wconf 92' lang='lat' dir='ltr'>illos</span> 
     </span>
     <span class='ocr_line' id='line_1_7' title="bbox 186 1237 1318 1322; baseline -0.001 -18"><span class='ocrx_word' id='word_1_54' title='bbox 186 1239 222 1304; x_wconf 92' lang='lat' dir='ltr'>in</span> <span class='ocrx_word' id='word_1_55' title='bbox 236 1239 307 1304; x_wconf 86' lang='lat' dir='ltr'>lacu</span> <span class='ocrx_word' id='word_1_56' title='bbox 320 1237 445 1303; x_wconf 91' lang='lat' dir='ltr'>leonum</span> <span class='ocrx_word' id='word_1_57' title='bbox 459 1238 491 1303; x_wconf 87' lang='lat' dir='ltr'>et</span> <span class='ocrx_word' id='word_1_58' title='bbox 506 1254 614 1303; x_wconf 85' lang='lat' dir='ltr'>uxores</span> <span class='ocrx_word' id='word_1_59' title='bbox 629 1254 735 1302; x_wconf 87' lang='lat' dir='ltr'>eornm</span> <span class='ocrx_word' id='word_1_60' title='bbox 747 1238 778 1303; x_wconf 90' lang='lat' dir='ltr'>et</span> <span class='ocrx_word' id='word_1_61' title='bbox 788 1238 877 1303; x_wconf 89' lang='lat' dir='ltr'>natos</span> <span class='ocrx_word' id='word_1_62' title='bbox 889 1255 1003 1304; x_wconf 88' lang='lat' dir='ltr'>eorum.</span> <span class='ocrx_word' id='word_1_63' title='bbox 1027 1237 1058 1302; x_wconf 92' lang='lat' dir='ltr'>et</span> <span class='ocrx_word' id='word_1_64' title='bbox 1070 1239 1236 1320; x_wconf 87' lang='lat' dir='ltr'>antequem</span> <span class='ocrx_word' id='word_1_65' title='bbox 1246 1257 1318 1322; x_wconf 91' lang='lat' dir='ltr'>per·</span> 
     </span>
     <span class='ocr_line' id='line_1_8' title="bbox 189 1339 1319 1423; baseline 0.002 -17"><span class='ocrx_word' id='word_1_66' title='bbox 189 1341 332 1406; x_wconf 78' lang='lat' dir='ltr'>uenirem</span> <span class='ocrx_word' id='word_1_67' title='bbox 352 1341 386 1405; x_wconf 91' lang='lat' dir='ltr'>in</span> <span class='ocrx_word' id='word_1_68' title='bbox 407 1339 623 1423; x_wconf 84' lang='lat' dir='ltr'>pauimentum</span> <span class='ocrx_word' id='word_1_69' title='bbox 643 1340 745 1418; x_wconf 84' lang='lat' dir='ltr'>lacus,</span> <span class='ocrx_word' id='word_1_70' title='bbox 778 1340 962 1422; x_wconf 80' lang='lat' dir='ltr'>adprehensi</span> <span class='ocrx_word' id='word_1_71' title='bbox 990 1341 1064 1407; x_wconf 84' lang='lat' dir='ltr'>sunt</span> <span class='ocrx_word' id='word_1_72' title='bbox 1085 1361 1104 1406; x_wconf 85' lang='lat' dir='ltr'>a</span> <span class='ocrx_word' id='word_1_73' title='bbox 1125 1341 1264 1408; x_wconf 86' lang='lat' dir='ltr'>leonibus</span> <span class='ocrx_word' id='word_1_74' title='bbox 1287 1344 1319 1408; x_wconf 92' lang='lat' dir='ltr'>et</span> 
     </span>
     <span class='ocr_line' id='line_1_9' title="bbox 187 1443 1319 1528; baseline 0.002 -20"><span class='ocrx_word' id='word_1_75' title='bbox 187 1443 292 1509; x_wconf 87' lang='lat' dir='ltr'>omnia</span> <span class='ocrx_word' id='word_1_76' title='bbox 305 1461 375 1510; x_wconf 88' lang='lat' dir='ltr'>ossa</span> <span class='ocrx_word' id='word_1_77' title='bbox 390 1461 493 1509; x_wconf 90' lang='lat' dir='ltr'>eorum</span> <span class='ocrx_word' id='word_1_78' title='bbox 509 1443 753 1510; x_wconf 87' lang='lat' dir='ltr'>conminuernnt.</span> <span class='ocrx_word' id='word_1_79' title='bbox 770 1444 844 1509; x_wconf 91' lang='lat' dir='ltr'>tunc</span> <span class='ocrx_word' id='word_1_80' title='bbox 858 1445 972 1510; x_wconf 85' lang='lat' dir='ltr'>Darius</span> <span class='ocrx_word' id='word_1_81' title='bbox 986 1464 1040 1510; x_wconf 82' lang='lat' dir='ltr'>rex</span> <span class='ocrx_word' id='word_1_82' title='bbox 1055 1445 1195 1528; x_wconf 84' lang='lat' dir='ltr'>scripsit:</span> <span class='ocrx_word' id='word_1_83' title='bbox 1218 1445 1319 1510; x_wconf 91' lang='lat' dir='ltr'>omni·</span> 
     </span>
     <span class='ocr_line' id='line_1_10' title="bbox 188 1546 1318 1634; baseline 0.003 -22"><span class='ocrx_word' id='word_1_84' title='bbox 188 1547 248 1612; x_wconf 90' lang='lat' dir='ltr'>bus</span> <span class='ocrx_word' id='word_1_85' title='bbox 262 1547 424 1632; x_wconf 83' lang='lat' dir='ltr'>gentibus,</span> <span class='ocrx_word' id='word_1_86' title='bbox 447 1546 606 1626; x_wconf 84' lang='lat' dir='ltr'>tribubus,</span> <span class='ocrx_word' id='word_1_87' title='bbox 629 1547 763 1632; x_wconf 85' lang='lat' dir='ltr'>linguis,</span> <span class='ocrx_word' id='word_1_88' title='bbox 778 1548 833 1630; x_wconf 87' lang='lat' dir='ltr'>qui</span> <span class='ocrx_word' id='word_1_89' title='bbox 848 1549 969 1614; x_wconf 89' lang='lat' dir='ltr'>suntin</span> <span class='ocrx_word' id='word_1_90' title='bbox 984 1567 1078 1634; x_wconf 83' lang='lat' dir='ltr'>ragno</span> <span class='ocrx_word' id='word_1_91' title='bbox 1094 1568 1179 1615; x_wconf 89' lang='lat' dir='ltr'>meo:</span> <span class='ocrx_word' id='word_1_92' title='bbox 1201 1569 1261 1632; x_wconf 79' lang='lat' dir='ltr'>pax</span> <span class='ocrx_word' id='word_1_93' title='bbox 1276 1551 1318 1617; x_wconf 84' lang='lat' dir='ltr'>sit</span> 
     </span>
     <span class='ocr_line' id='line_1_11' title="bbox 151 1650 1319 1738; baseline 0.008 -29"><span class='ocrx_word' id='word_1_94' title='bbox 151 1669 179 1710; x_wconf 81' lang='lat' dir='ltr'>ro</span> <span class='ocrx_word' id='word_1_95' title='bbox 188 1651 349 1718; x_wconf 87' lang='lat' dir='ltr'>uobiscum</span> <span class='ocrx_word' id='word_1_96' title='bbox 371 1671 390 1715; x_wconf 90' lang='lat' dir='ltr'>a</span> <span class='ocrx_word' id='word_1_97' title='bbox 411 1650 488 1716; x_wconf 87' lang='lat' dir='ltr'>facie</span> <span class='ocrx_word' id='word_1_98' title='bbox 509 1669 587 1716; x_wconf 90' lang='lat' dir='ltr'>mea.</span> <span class='ocrx_word' id='word_1_99' title='bbox 622 1669 729 1717; x_wconf 89' lang='lat' dir='ltr'>censeo</span> <span class='ocrx_word' id='word_1_100' title='bbox 751 1669 808 1735; x_wconf 86' lang='lat' dir='ltr'>ego</span> <span class='ocrx_word' id='word_1_101' title='bbox 833 1654 867 1716; x_wconf 93' lang='lat' dir='ltr'>ut</span> <span class='ocrx_word' id='word_1_102' title='bbox 889 1669 993 1717; x_wconf 90' lang='lat' dir='ltr'>omnes</span> <span class='ocrx_word' id='word_1_103' title='bbox 1016 1653 1070 1735; x_wconf 89' lang='lat' dir='ltr'>qui</span> <span class='ocrx_word' id='word_1_104' title='bbox 1091 1653 1163 1718; x_wconf 88' lang='lat' dir='ltr'>sunt</span> <span class='ocrx_word' id='word_1_105' title='bbox 1178 1653 1211 1718; x_wconf 93' lang='lat' dir='ltr'>in</span> <span class='ocrx_word' id='word_1_106' title='bbox 1226 1670 1319 1738; x_wconf 80' lang='lat' dir='ltr'>regno</span> 
     </span>
     <span class='ocr_line' id='line_1_12' title="bbox 187 1753 1318 1836; baseline 0.002 -16"><span class='ocrx_word' id='word_1_107' title='bbox 187 1771 256 1820; x_wconf 86' lang='lat' dir='ltr'>meo</span> <span class='ocrx_word' id='word_1_108' title='bbox 271 1754 335 1820; x_wconf 89' lang='lat' dir='ltr'>sint</span> <span class='ocrx_word' id='word_1_109' title='bbox 348 1753 496 1820; x_wconf 84' lang='lat' dir='ltr'>timentes</span> <span class='ocrx_word' id='word_1_110' title='bbox 511 1754 542 1818; x_wconf 92' lang='lat' dir='ltr'>et</span> <span class='ocrx_word' id='word_1_111' title='bbox 556 1754 723 1820; x_wconf 85' lang='lat' dir='ltr'>trementes</span> <span class='ocrx_word' id='word_1_112' title='bbox 733 1754 836 1820; x_wconf 90' lang='lat' dir='ltr'>Deum</span> <span class='ocrx_word' id='word_1_113' title='bbox 852 1773 1011 1820; x_wconf 92' lang='lat' dir='ltr'>summum</span> <span class='ocrx_word' id='word_1_114' title='bbox 1026 1756 1076 1821; x_wconf 91' lang='lat' dir='ltr'>cui</span> <span class='ocrx_word' id='word_1_115' title='bbox 1088 1755 1185 1822; x_wconf 90' lang='lat' dir='ltr'>seruit</span> <span class='ocrx_word' id='word_1_116' title='bbox 1196 1757 1318 1836; x_wconf 77' lang='lat' dir='ltr'>Daniel,</span> 
     </span>
     <span class='ocr_line' id='line_1_13' title="bbox 188 1857 1320 1944; baseline 0.004 -23"><span class='ocrx_word' id='word_1_117' title='bbox 188 1857 263 1940; x_wconf 83' lang='lat' dir='ltr'>quia</span> <span class='ocrx_word' id='word_1_118' title='bbox 275 1858 342 1939; x_wconf 88' lang='lat' dir='ltr'>ipse</span> <span class='ocrx_word' id='word_1_119' title='bbox 357 1858 405 1924; x_wconf 91' lang='lat' dir='ltr'>est</span> <span class='ocrx_word' id='word_1_120' title='bbox 418 1858 504 1923; x_wconf 92' lang='lat' dir='ltr'>Deus</span> <span class='ocrx_word' id='word_1_121' title='bbox 519 1858 611 1923; x_wconf 89' lang='lat' dir='ltr'>uiuus</span> <span class='ocrx_word' id='word_1_122' title='bbox 626 1859 659 1924; x_wconf 89' lang='lat' dir='ltr'>et</span> <span class='ocrx_word' id='word_1_123' title='bbox 673 1859 834 1940; x_wconf 87' lang='lat' dir='ltr'>permanet</span> <span class='ocrx_word' id='word_1_124' title='bbox 847 1859 882 1923; x_wconf 90' lang='lat' dir='ltr'>in</span> <span class='ocrx_word' id='word_1_125' title='bbox 896 1859 1031 1939; x_wconf 86' lang='lat' dir='ltr'>saecula,</span> <span class='ocrx_word' id='word_1_126' title='bbox 1055 1860 1087 1924; x_wconf 89' lang='lat' dir='ltr'>et</span> <span class='ocrx_word' id='word_1_127' title='bbox 1106 1877 1238 1944; x_wconf 85' lang='lat' dir='ltr'>regnum</span> <span class='ocrx_word' id='word_1_128' title='bbox 1253 1859 1320 1926; x_wconf 88' lang='lat' dir='ltr'>eius</span> 
     </span>
     <span class='ocr_line' id='line_1_14' title="bbox 190 1961 1321 2046; baseline 0.003 -19"><span class='ocrx_word' id='word_1_129' title='bbox 190 1980 251 2027; x_wconf 92' lang='lat' dir='ltr'>non</span> <span class='ocrx_word' id='word_1_130' title='bbox 265 1961 429 2041; x_wconf 87' lang='lat' dir='ltr'>transibit,</span> <span class='ocrx_word' id='word_1_131' title='bbox 453 1962 484 2027; x_wconf 87' lang='lat' dir='ltr'>et</span> <span class='ocrx_word' id='word_1_132' title='bbox 505 1963 672 2028; x_wconf 84' lang='lat' dir='ltr'>dominatio</span> <span class='ocrx_word' id='word_1_133' title='bbox 703 1962 770 2029; x_wconf 89' lang='lat' dir='ltr'>eius</span> <span class='ocrx_word' id='word_1_134' title='bbox 799 1963 833 2027; x_wconf 91' lang='lat' dir='ltr'>in</span> <span class='ocrx_word' id='word_1_135' title='bbox 861 1964 1045 2046; x_wconf 84' lang='lat' dir='ltr'>perpetuum</span> <span class='ocrx_word' id='word_1_136' title='bbox 1076 1963 1266 2042; x_wconf 89' lang='lat' dir='ltr'>ambulabit,</span> <span class='ocrx_word' id='word_1_137' title='bbox 1290 1965 1321 2030; x_wconf 89' lang='lat' dir='ltr'>et</span> 
     </span>
     <span class='ocr_line' id='line_1_15' title="bbox 192 2065 1321 2151; baseline 0.002 -20"><span class='ocrx_word' id='word_1_138' title='bbox 192 2065 296 2131; x_wconf 89' lang='lat' dir='ltr'>saluos</span> <span class='ocrx_word' id='word_1_139' title='bbox 322 2065 415 2131; x_wconf 87' lang='lat' dir='ltr'>faciet</span> <span class='ocrx_word' id='word_1_140' title='bbox 440 2065 472 2131; x_wconf 90' lang='lat' dir='ltr'>et</span> <span class='ocrx_word' id='word_1_141' title='bbox 497 2065 575 2130; x_wconf 88' lang='lat' dir='ltr'>facit</span> <span class='ocrx_word' id='word_1_142' title='bbox 600 2067 690 2150; x_wconf 83' lang='lat' dir='ltr'>sigua</span> <span class='ocrx_word' id='word_1_143' title='bbox 716 2068 748 2132; x_wconf 87' lang='lat' dir='ltr'>et</span> <span class='ocrx_word' id='word_1_144' title='bbox 773 2066 916 2151; x_wconf 85' lang='lat' dir='ltr'>prodigia</span> <span class='ocrx_word' id='word_1_145' title='bbox 942 2067 974 2132; x_wconf 88' lang='lat' dir='ltr'>et</span> <span class='ocrx_word' id='word_1_146' title='bbox 993 2065 1151 2131; x_wconf 89' lang='lat' dir='ltr'>mirabilia</span> <span class='ocrx_word' id='word_1_147' title='bbox 1177 2066 1211 2132; x_wconf 91' lang='lat' dir='ltr'>in</span> <span class='ocrx_word' id='word_1_148' title='bbox 1237 2069 1321 2134; x_wconf 86' lang='lat' dir='ltr'>caelo</span> 
     </span>
     <span class='ocr_line' id='line_1_16' title="bbox 159 2167 1324 2252; baseline 0.003 -19"><span class='ocrx_word' id='word_1_149' title='bbox 159 2185 185 2226; x_wconf 77' lang='lat' dir='ltr'>a</span> <span class='ocrx_word' id='word_1_150' title='bbox 195 2169 227 2234; x_wconf 87' lang='lat' dir='ltr'>et</span> <span class='ocrx_word' id='word_1_151' title='bbox 241 2167 275 2233; x_wconf 93' lang='lat' dir='ltr'>in</span> <span class='ocrx_word' id='word_1_152' title='bbox 287 2169 385 2247; x_wconf 82' lang='lat' dir='ltr'>terra,</span> <span class='ocrx_word' id='word_1_153' title='bbox 408 2169 462 2251; x_wconf 88' lang='lat' dir='ltr'>qui</span> <span class='ocrx_word' id='word_1_154' title='bbox 476 2169 591 2252; x_wconf 90' lang='lat' dir='ltr'>eripuit</span> <span class='ocrx_word' id='word_1_155' title='bbox 605 2169 768 2235; x_wconf 87' lang='lat' dir='ltr'>Danielem</span> <span class='ocrx_word' id='word_1_156' title='bbox 783 2169 821 2234; x_wconf 92' lang='lat' dir='ltr'>de</span> <span class='ocrx_word' id='word_1_157' title='bbox 836 2169 907 2234; x_wconf 89' lang='lat' dir='ltr'>lacu</span> <span class='ocrx_word' id='word_1_158' title='bbox 920 2169 1054 2235; x_wconf 92' lang='lat' dir='ltr'>leonum.</span> <span class='ocrx_word' id='word_1_159' title='bbox 1078 2170 1178 2235; x_wconf 90' lang='lat' dir='ltr'>Item</span> <span class='ocrx_word' id='word_1_160' title='bbox 1198 2169 1238 2236; x_wconf 92' lang='lat' dir='ltr'>in</span> <span class='ocrx_word' id='word_1_161' title='bbox 1259 2170 1324 2236; x_wconf 88' lang='lat' dir='ltr'>hdi-</span> 
     </span>
     <span class='ocr_line' id='line_1_17' title="bbox 195 2272 1323 2357; baseline 0 -18"><span class='ocrx_word' id='word_1_162' title='bbox 195 2273 327 2339; x_wconf 85' lang='lat' dir='ltr'>chaea:</span> <span class='ocrx_word' id='word_1_163' title='bbox 343 2273 381 2339; x_wconf 93' lang='lat' dir='ltr'>In</span> <span class='ocrx_word' id='word_1_164' title='bbox 395 2292 455 2357; x_wconf 89' lang='lat' dir='ltr'>quo</span> <span class='ocrx_word' id='word_1_165' title='bbox 469 2273 621 2356; x_wconf 86' lang='lat' dir='ltr'>adsequar</span> <span class='ocrx_word' id='word_1_166' title='bbox 628 2273 799 2338; x_wconf 90' lang='lat' dir='ltr'>Dominam</span> <span class='ocrx_word' id='word_1_167' title='bbox 815 2273 846 2338; x_wconf 91' lang='lat' dir='ltr'>et</span> <span class='ocrx_word' id='word_1_168' title='bbox 860 2272 1086 2356; x_wconf 86' lang='lat' dir='ltr'>adprehendam</span> <span class='ocrx_word' id='word_1_169' title='bbox 1101 2273 1204 2338; x_wconf 92' lang='lat' dir='ltr'>Deum</span> <span class='ocrx_word' id='word_1_170' title='bbox 1218 2291 1323 2339; x_wconf 87' lang='lat' dir='ltr'>mcum</span> 
     </span>
     <span class='ocr_line' id='line_1_18' title="bbox 192 2375 1322 2460; baseline 0.001 -18"><span class='ocrx_word' id='word_1_171' title='bbox 192 2376 368 2443; x_wconf 84' lang='lat' dir='ltr'>sublimem.</span> <span class='ocrx_word' id='word_1_172' title='bbox 393 2377 420 2441; x_wconf 90' lang='lat' dir='ltr'>si</span> <span class='ocrx_word' id='word_1_173' title='bbox 435 2377 662 2460; x_wconf 86' lang='lat' dir='ltr'>adprehendam</span> <span class='ocrx_word' id='word_1_174' title='bbox 677 2376 769 2442; x_wconf 92' lang='lat' dir='ltr'>illum</span> <span class='ocrx_word' id='word_1_175' title='bbox 784 2377 817 2442; x_wconf 92' lang='lat' dir='ltr'>in</span> <span class='ocrx_word' id='word_1_176' title='bbox 832 2375 1006 2454; x_wconf 85' lang='lat' dir='ltr'>sacrificiis,</span> <span class='ocrx_word' id='word_1_177' title='bbox 1029 2376 1062 2440; x_wconf 92' lang='lat' dir='ltr'>in</span> <span class='ocrx_word' id='word_1_178' title='bbox 1077 2376 1322 2442; x_wconf 83' lang='lat' dir='ltr'>holocaustoma·</span> 
     </span>
     <span class='ocr_line' id='line_1_19' title="bbox 191 2477 1321 2562; baseline 0 -18"><span class='ocrx_word' id='word_1_179' title='bbox 191 2479 250 2559; x_wconf 87' lang='lat' dir='ltr'>tis‚</span> <span class='ocrx_word' id='word_1_180' title='bbox 272 2479 306 2545; x_wconf 89' lang='lat' dir='ltr'>in</span> <span class='ocrx_word' id='word_1_181' title='bbox 327 2480 439 2546; x_wconf 80' lang='lat' dir='ltr'>nitidis</span> <span class='ocrx_word' id='word_1_182' title='bbox 461 2479 628 2558; x_wconf 81' lang='lat' dir='ltr'>anniculis,</span> <span class='ocrx_word' id='word_1_183' title='bbox 660 2479 688 2545; x_wconf 91' lang='lat' dir='ltr'>si</span> <span class='ocrx_word' id='word_1_184' title='bbox 708 2481 834 2562; x_wconf 86' lang='lat' dir='ltr'>accepto</span> <span class='ocrx_word' id='word_1_185' title='bbox 857 2477 943 2544; x_wconf 84' lang='lat' dir='ltr'>lauet</span> <span class='ocrx_word' id='word_1_186' title='bbox 964 2478 1117 2544; x_wconf 89' lang='lat' dir='ltr'>Dominus</span> <span class='ocrx_word' id='word_1_187' title='bbox 1139 2479 1172 2544; x_wconf 92' lang='lat' dir='ltr'>in</span> <span class='ocrx_word' id='word_1_188' title='bbox 1193 2478 1321 2544; x_wconf 89' lang='lat' dir='ltr'>mihbus</span> 
     </span>
     <span class='ocr_line' id='line_1_20' title="bbox 192 2581 1321 2667; baseline 0 -19"><span class='ocrx_word' id='word_1_189' title='bbox 192 2583 326 2649; x_wconf 87' lang='lat' dir='ltr'>arietum</span> <span class='ocrx_word' id='word_1_190' title='bbox 341 2585 397 2648; x_wconf 90' lang='lat' dir='ltr'>aut</span> <span class='ocrx_word' id='word_1_191' title='bbox 410 2584 443 2650; x_wconf 93' lang='lat' dir='ltr'>in</span> <span class='ocrx_word' id='word_1_192' title='bbox 458 2585 565 2650; x_wconf 86' lang='lat' dir='ltr'>decem</span> <span class='ocrx_word' id='word_1_193' title='bbox 578 2583 708 2650; x_wconf 89' lang='lat' dir='ltr'>milibus</span> <span class='ocrx_word' id='word_1_194' title='bbox 723 2602 885 2665; x_wconf 86' lang='lat' dir='ltr'>capramm</span> <span class='ocrx_word' id='word_1_195' title='bbox 898 2581 1074 2667; x_wconf 87' lang='lat' dir='ltr'>pingnium,</span> <span class='ocrx_word' id='word_1_196' title='bbox 1091 2582 1146 2648; x_wconf 86' lang='lat' dir='ltr'>aut</span> <span class='ocrx_word' id='word_1_197' title='bbox 1160 2581 1240 2648; x_wconf 89' lang='lat' dir='ltr'>dabo</span> <span class='ocrx_word' id='word_1_198' title='bbox 1256 2581 1321 2665; x_wconf 87' lang='lat' dir='ltr'>pri·</span> 
     </span>
     <span class='ocr_line' id='line_1_21' title="bbox 155 2685 1317 2771; baseline -0.003 -17"><span class='ocrx_word' id='word_1_199' title='bbox 155 2687 304 2754; x_wconf 83' lang='lat' dir='ltr'>remitiua</span> <span class='ocrx_word' id='word_1_200' title='bbox 324 2706 394 2752; x_wconf 88' lang='lat' dir='ltr'>mea</span> <span class='ocrx_word' id='word_1_201' title='bbox 415 2687 587 2771; x_wconf 88' lang='lat' dir='ltr'>impietatis</span> <span class='ocrx_word' id='word_1_202' title='bbox 609 2685 747 2753; x_wconf 90' lang='lat' dir='ltr'>fructum</span> <span class='ocrx_word' id='word_1_203' title='bbox 769 2686 888 2751; x_wconf 89' lang='lat' dir='ltr'>uentris</span> <span class='ocrx_word' id='word_1_204' title='bbox 910 2685 987 2764; x_wconf 87' lang='lat' dir='ltr'>mei,</span> <span class='ocrx_word' id='word_1_205' title='bbox 1010 2686 1173 2768; x_wconf 90' lang='lat' dir='ltr'>peccatum</span> <span class='ocrx_word' id='word_1_206' title='bbox 1195 2685 1317 2752; x_wconf 85' lang='lat' dir='ltr'>animae</span> 
     </span>
     <span class='ocr_line' id='line_1_22' title="bbox 188 2787 1315 2871; baseline -0.001 -16"><span class='ocrx_word' id='word_1_207' title='bbox 188 2809 285 2856; x_wconf 88' lang='lat' dir='ltr'>meae.</span> <span class='ocrx_word' id='word_1_208' title='bbox 300 2791 513 2856; x_wconf 88' lang='lat' dir='ltr'>renuntiatum</span> <span class='ocrx_word' id='word_1_209' title='bbox 527 2791 575 2856; x_wconf 90' lang='lat' dir='ltr'>est</span> <span class='ocrx_word' id='word_1_210' title='bbox 589 2789 665 2868; x_wconf 85' lang='lat' dir='ltr'>tibi,</span> <span class='ocrx_word' id='word_1_211' title='bbox 689 2789 795 2866; x_wconf 84' lang='lat' dir='ltr'>homo,</span> <span class='ocrx_word' id='word_1_212' title='bbox 819 2789 901 2871; x_wconf 89' lang='lat' dir='ltr'>quod</span> <span class='ocrx_word' id='word_1_213' title='bbox 915 2788 1032 2852; x_wconf 89' lang='lat' dir='ltr'>bonum</span> <span class='ocrx_word' id='word_1_214' title='bbox 1046 2789 1101 2854; x_wconf 87' lang='lat' dir='ltr'>eut</span> <span class='ocrx_word' id='word_1_215' title='bbox 1115 2787 1190 2870; x_wconf 90' lang='lat' dir='ltr'>quid</span> <span class='ocrx_word' id='word_1_216' title='bbox 1205 2788 1315 2854; x_wconf 91' lang='lat' dir='ltr'>Domi-</span> 
     </span>
     <span class='ocr_line' id='line_1_23' title="bbox 186 2891 1320 2978; baseline -0.002 -18"><span class='ocrx_word' id='word_1_217' title='bbox 186 2913 246 2960; x_wconf 87' lang='lat' dir='ltr'>nus</span> <span class='ocrx_word' id='word_1_218' title='bbox 267 2896 408 2978; x_wconf 85' lang='lat' dir='ltr'>exquirat</span> <span class='ocrx_word' id='word_1_219' title='bbox 430 2894 516 2960; x_wconf 90' lang='lat' dir='ltr'>aliud</span> <span class='ocrx_word' id='word_1_220' title='bbox 537 2894 599 2959; x_wconf 89' lang='lat' dir='ltr'>nisi</span> <span class='ocrx_word' id='word_1_221' title='bbox 613 2894 650 2958; x_wconf 94' lang='lat' dir='ltr'>ut</span> <span class='ocrx_word' id='word_1_222' title='bbox 664 2893 759 2958; x_wconf 85' lang='lat' dir='ltr'>facias</span> <span class='ocrx_word' id='word_1_223' title='bbox 773 2891 926 2957; x_wconf 89' lang='lat' dir='ltr'>iudicium</span> <span class='ocrx_word' id='word_1_224' title='bbox 940 2893 972 2957; x_wconf 89' lang='lat' dir='ltr'>et</span> <span class='ocrx_word' id='word_1_225' title='bbox 987 2891 1145 2957; x_wconf 85' lang='lat' dir='ltr'>iustitiam</span> <span class='ocrx_word' id='word_1_226' title='bbox 1160 2892 1192 2957; x_wconf 92' lang='lat' dir='ltr'>et</span> <span class='ocrx_word' id='word_1_227' title='bbox 1206 2892 1320 2978; x_wconf 88' lang='lat' dir='ltr'>diligas</span> 
     </span>
     <span class='ocr_line' id='line_1_24' title="bbox 188 2994 1323 3080; baseline -0.004 -17"><span class='ocrx_word' id='word_1_228' title='bbox 188 2998 433 3064; x_wconf 88' lang='lat' dir='ltr'>misericordiam</span> <span class='ocrx_word' id='word_1_229' title='bbox 452 2999 484 3062; x_wconf 92' lang='lat' dir='ltr'>et</span> <span class='ocrx_word' id='word_1_230' title='bbox 504 2999 631 3080; x_wconf 85' lang='lat' dir='ltr'>paratus</span> <span class='ocrx_word' id='word_1_231' title='bbox 657 2996 701 3063; x_wconf 90' lang='lat' dir='ltr'>sis</span> <span class='ocrx_word' id='word_1_232' title='bbox 724 2998 759 3062; x_wconf 90' lang='lat' dir='ltr'>ut</span> <span class='ocrx_word' id='word_1_233' title='bbox 781 3017 833 3062; x_wconf 89' lang='lat' dir='ltr'>eas</span> <span class='ocrx_word' id='word_1_234' title='bbox 849 3015 920 3062; x_wconf 86' lang='lat' dir='ltr'>cum</span> <span class='ocrx_word' id='word_1_235' title='bbox 934 2994 1067 3062; x_wconf 93' lang='lat' dir='ltr'>Domino</span> <span class='ocrx_word' id='word_1_236' title='bbox 1081 2995 1146 3062; x_wconf 86' lang='lat' dir='ltr'>Deo</span> <span class='ocrx_word' id='word_1_237' title='bbox 1162 2997 1225 3062; x_wconf 92' lang='lat' dir='ltr'>tuo.</span> <span class='ocrx_word' id='word_1_238' title='bbox 1264 3013 1323 3060; x_wconf 84' lang='lat' dir='ltr'>nox</span> 
     </span>
     <span class='ocr_line' id='line_1_25' title="bbox 188 3098 1317 3179; baseline -0.004 -13"><span class='ocrx_word' id='word_1_239' title='bbox 188 3101 315 3166; x_wconf 92' lang='lat' dir='ltr'>Domini</span> <span class='ocrx_word' id='word_1_240' title='bbox 329 3102 363 3166; x_wconf 94' lang='lat' dir='ltr'>in</span> <span class='ocrx_word' id='word_1_241' title='bbox 377 3100 508 3168; x_wconf 89' lang='lat' dir='ltr'>ciuitate</span> <span class='ocrx_word' id='word_1_242' title='bbox 522 3101 733 3179; x_wconf 82' lang='lat' dir='ltr'>inuocabitur,</span> <span class='ocrx_word' id='word_1_243' title='bbox 756 3103 789 3166; x_wconf 92' lang='lat' dir='ltr'>et</span> <span class='ocrx_word' id='word_1_244' title='bbox 803 3101 949 3165; x_wconf 87' lang='lat' dir='ltr'>timentes</span> <span class='ocrx_word' id='word_1_245' title='bbox 964 3118 1076 3164; x_wconf 92' lang='lat' dir='ltr'>nomen</span> <span class='ocrx_word' id='word_1_246' title='bbox 1090 3099 1156 3164; x_wconf 88' lang='lat' dir='ltr'>eius</span> <span class='ocrx_word' id='word_1_247' title='bbox 1172 3098 1317 3164; x_wconf 85' lang='lat' dir='ltr'>saluabit.</span> 
     </span>
     <span class='ocr_line' id='line_1_26' title="bbox 152 3201 1321 3287; baseline -0.002 -18"><span class='ocrx_word' id='word_1_248' title='bbox 152 3205 289 3271; x_wconf 77' lang='lat' dir='ltr'>altem</span> <span class='ocrx_word' id='word_1_249' title='bbox 311 3204 350 3270; x_wconf 92' lang='lat' dir='ltr'>in</span> <span class='ocrx_word' id='word_1_250' title='bbox 371 3203 561 3269; x_wconf 88' lang='lat' dir='ltr'>Michaea:</span> <span class='ocrx_word' id='word_1_251' title='bbox 599 3205 694 3270; x_wconf 89' lang='lat' dir='ltr'>Pasce</span> <span class='ocrx_word' id='word_1_252' title='bbox 709 3204 858 3287; x_wconf 90' lang='lat' dir='ltr'>populum</span> <span class='ocrx_word' id='word_1_253' title='bbox 873 3205 965 3270; x_wconf 90' lang='lat' dir='ltr'>tuum</span> <span class='ocrx_word' id='word_1_254' title='bbox 988 3203 1021 3267; x_wconf 90' lang='lat' dir='ltr'>iu</span> <span class='ocrx_word' id='word_1_255' title='bbox 1040 3201 1130 3287; x_wconf 84' lang='lat' dir='ltr'>uirga</span> <span class='ocrx_word' id='word_1_256' title='bbox 1151 3202 1225 3282; x_wconf 88' lang='lat' dir='ltr'>tua,</span> <span class='ocrx_word' id='word_1_257' title='bbox 1248 3219 1321 3267; x_wconf 88' lang='lat' dir='ltr'>oues</span> 
     </span>
    </p>
   </div>
   <div class='ocr_carea' id='block_1_3' title="bbox 292 3400 1271 3492">
    <p class='ocr_par' dir='ltr' id='par_1_3' title="bbox 292 3400 1271 3492">
     <span class='ocr_line' id='line_1_27' title="bbox 292 3400 1271 3492; baseline -0.006 -8"><span class='ocrx_word' id='word_1_258' title='bbox 292 3427 397 3484; x_wconf 72' lang='lat' dir='ltr'>noan</span> <span class='ocrx_word' id='word_1_259' title='bbox 412 3427 438 3492; x_wconf 87' lang='lat' dir='ltr'>e,</span> <span class='ocrx_word' id='word_1_260' title='bbox 453 3426 573 3485; x_wconf 79' lang='lat' dir='ltr'>ae-as.</span> <span class='ocrx_word' id='word_1_261' title='bbox 629 3427 666 3483; x_wconf 85' lang='lat' dir='ltr'>re</span> <span class='ocrx_word' id='word_1_262' title='bbox 685 3427 765 3481; x_wconf 74' lang='lat' dir='ltr'>men.</span> <span class='ocrx_word' id='word_1_263' title='bbox 780 3400 901 3491; x_wconf 75' lang='lat' dir='ltr'>c‚&#39;5-o.</span> <span class='ocrx_word' id='word_1_264' title='bbox 956 3426 995 3484; x_wconf 84' lang='lat'>25</span> <span class='ocrx_word' id='word_1_265' title='bbox 1012 3425 1095 3480; x_wconf 75' lang='lat' dir='ltr'>uren.</span> <span class='ocrx_word' id='word_1_266' title='bbox 1109 3426 1136 3489; x_wconf 82' lang='lat' dir='ltr'>r,</span> <span class='ocrx_word' id='word_1_267' title='bbox 1151 3424 1271 3482; x_wconf 76' lang='lat' dir='ltr'>14-1s.</span> 
     </span>
    </p>
   </div>
   <div class='ocr_carea' id='block_1_4' title="bbox 187 3612 1325 4546">
    <p class='ocr_par' dir='ltr' id='par_1_4' title="bbox 187 3612 1325 4546">
     <span class='ocr_line' id='line_1_28' title="bbox 243 3612 1324 3686; baseline -0.005 -14"><span class='ocrx_word' id='word_1_268' title='bbox 243 3615 259 3672; x_wconf 91' lang='lat'>1</span> <span class='ocrx_word' id='word_1_269' title='bbox 278 3613 520 3686; x_wconf 79' lang='lat' dir='ltr'>tranquillitatem]</span> <span class='ocrx_word' id='word_1_270' title='bbox 545 3617 756 3671; x_wconf 84' lang='lat' dir='ltr'>misericordiam</span> <span class='ocrx_word' id='word_1_271' title='bbox 778 3619 816 3673; x_wconf 99' lang='lat' dir='ltr'><strong><em>W</em></strong></span> <span class='ocrx_word' id='word_1_272' title='bbox 928 3615 1144 3685; x_wconf 86' lang='lat' dir='ltr'>amphtudiuem]</span> <span class='ocrx_word' id='word_1_273' title='bbox 1168 3612 1324 3668; x_wconf 83' lang='lat' dir='ltr'>multitudi-</span> 
     </span>
     <span class='ocr_line' id='line_1_29' title="bbox 188 3700 1276 3773; baseline 0 -18"><span class='ocrx_word' id='word_1_274' title='bbox 188 3717 279 3757; x_wconf 81' lang='lat' dir='ltr'>nemc</span> <span class='ocrx_word' id='word_1_275' title='bbox 330 3703 425 3760; x_wconf 81' lang='lat' dir='ltr'>2tuae</span> <span class='ocrx_word' id='word_1_276' title='bbox 437 3702 609 3759; x_wconf 85' lang='lat' dir='ltr'>liberanoev</span> <span class='ocrx_word' id='word_1_277' title='bbox 661 3704 809 3773; x_wconf 85' lang='lat' dir='ltr'>etiterum]</span> <span class='ocrx_word' id='word_1_278' title='bbox 823 3705 888 3758; x_wconf 86' lang='lat' dir='ltr'>item</span> <span class='ocrx_word' id='word_1_279' title='bbox 902 3703 988 3758; x_wconf 82' lang='lat' dir='ltr'>illico</span> <span class='ocrx_word' id='word_1_280' title='bbox 1040 3700 1276 3759; x_wconf 85' lang='lat' dir='ltr'>3danihelumW</span> 
     </span>
     <span class='ocr_line' id='line_1_30' title="bbox 190 3774 1274 3858; baseline -0.001 -16"><span class='ocrx_word' id='word_1_281' title='bbox 190 3788 241 3843; x_wconf 87' lang='lat' dir='ltr'>cic</span> <span class='ocrx_word' id='word_1_282' title='bbox 291 3788 546 3845; x_wconf 76' lang='lat' dir='ltr'>doredideratinv</span> <span class='ocrx_word' id='word_1_283' title='bbox 597 3787 807 3858; x_wconf 85' lang='lat' dir='ltr'>perduxerunto</span> <span class='ocrx_word' id='word_1_284' title='bbox 871 3774 1051 3848; x_wconf 67' lang='lat' dir='ltr'>baocnsaue}</span> <span class='ocrx_word' id='word_1_285' title='bbox 1063 3787 1220 3842; x_wconf 81' lang='lat' dir='ltr'>danihelum</span> <span class='ocrx_word' id='word_1_286' title='bbox 1235 3785 1274 3842; x_wconf 87' lang='lat' dir='ltr'><strong><em>W</em></strong></span> 
     </span>
     <span class='ocr_line' id='line_1_31' title="bbox 189 3873 1324 3946; baseline -0.003 -16"><span class='ocrx_word' id='word_1_287' title='bbox 189 3873 350 3930; x_wconf 76' lang='lat' dir='ltr'>dlach²</span> <span class='ocrx_word' id='word_1_288' title='bbox 419 3874 544 3932; x_wconf 67' lang='lat' dir='ltr'>ditibus</span> <span class='ocrx_word' id='word_1_289' title='bbox 557 3876 607 3931; x_wconf 82' lang='lat' dir='ltr'>W⁴</span> <span class='ocrx_word' id='word_1_290' title='bbox 670 3876 812 3945; x_wconf 81' lang='lat' dir='ltr'>etiinguie</span> <span class='ocrx_word' id='word_1_291' title='bbox 826 3876 1000 3946; x_wconf 78' lang='lat' dir='ltr'>quaee·;csr.</span> <span class='ocrx_word' id='word_1_292' title='bbox 1015 3873 1106 3929; x_wconf 85' lang='lat' dir='ltr'>LXX</span> <span class='ocrx_word' id='word_1_293' title='bbox 1167 3874 1206 3933; x_wconf 91' lang='lat'>10</span> <span class='ocrx_word' id='word_1_294' title='bbox 1222 3874 1281 3944; x_wconf 77' lang='lat' dir='ltr'>ogo]</span> <span class='ocrx_word' id='word_1_295' title='bbox 1295 3875 1324 3928; x_wconf 87' lang='lat' dir='ltr'>et</span> 
     </span>
     <span class='ocr_line' id='line_1_32' title="bbox 187 3960 1272 4031; baseline 0.002 -17"><span class='ocrx_word' id='word_1_296' title='bbox 187 3975 264 4029; x_wconf 82' lang='lat' dir='ltr'>agoc</span> <span class='ocrx_word' id='word_1_297' title='bbox 306 3960 465 4016; x_wconf 86' lang='lat' dir='ltr'>hiomneev</span> <span class='ocrx_word' id='word_1_298' title='bbox 509 3962 546 4019; x_wconf 94' lang='grc'>11</span> <span class='ocrx_word' id='word_1_299' title='bbox 559 3961 803 4016; x_wconf 85' lang='lat' dir='ltr'>summumdenmo</span> <span class='ocrx_word' id='word_1_300' title='bbox 850 3963 886 4018; x_wconf 86' lang='grc'>12</span> <span class='ocrx_word' id='word_1_301' title='bbox 898 3961 1047 4017; x_wconf 84' lang='lat' dir='ltr'>dominusc</span> <span class='ocrx_word' id='word_1_302' title='bbox 1090 3977 1272 4031; x_wconf 83' lang='lat' dir='ltr'>permanenso</span> 
     </span>
     <span class='ocr_line' id='line_1_33' title="bbox 189 4045 1324 4116; baseline -0.001 -14"><span class='ocrx_word' id='word_1_303' title='bbox 189 4045 227 4103; x_wconf 88' lang='lat'>13</span> <span class='ocrx_word' id='word_1_304' title='bbox 244 4045 397 4101; x_wconf 83' lang='lat' dir='ltr'>ambulabit</span> <span class='ocrx_word' id='word_1_305' title='bbox 416 4048 531 4116; x_wconf 74' lang='lat' dir='ltr'>compsi,</span> <span class='ocrx_word' id='word_1_306' title='bbox 550 4047 708 4102; x_wconf 86' lang='lat' dir='ltr'>ambulabat</span> <span class='ocrx_word' id='word_1_307' title='bbox 723 4049 772 4112; x_wconf 90' lang='lat' dir='ltr'>W,</span> <span class='ocrx_word' id='word_1_308' title='bbox 791 4047 941 4104; x_wconf 80' lang='lat' dir='ltr'>ambulatu</span> <span class='ocrx_word' id='word_1_309' title='bbox 1036 4047 1074 4104; x_wconf 90' lang='grc'>14</span> <span class='ocrx_word' id='word_1_310' title='bbox 1092 4047 1181 4101; x_wconf 83' lang='lat' dir='ltr'>saluos</span> <span class='ocrx_word' id='word_1_311' title='bbox 1193 4047 1276 4102; x_wconf 82' lang='lat' dir='ltr'>faciet</span> <span class='ocrx_word' id='word_1_312' title='bbox 1287 4046 1324 4116; x_wconf 87' lang='lat' dir='ltr'>et]</span> 
     </span>
     <span class='ocr_line' id='line_1_34' title="bbox 187 4130 1275 4203; baseline 0.002 -17"><span class='ocrx_word' id='word_1_313' title='bbox 187 4130 289 4187; x_wconf 83' lang='lat' dir='ltr'>aolnec</span> <span class='ocrx_word' id='word_1_314' title='bbox 369 4134 486 4203; x_wconf 78' lang='lat' dir='ltr'>at(ante</span> <span class='ocrx_word' id='word_1_315' title='bbox 498 4133 569 4202; x_wconf 87' lang='lat' dir='ltr'>mir.)</span> <span class='ocrx_word' id='word_1_316' title='bbox 581 4149 630 4188; x_wconf 79' lang='lat' dir='ltr'>one.</span> <span class='ocrx_word' id='word_1_317' title='bbox 645 4133 686 4188; x_wconf 88' lang='lat' dir='ltr'><strong><em>W</em></strong></span> <span class='ocrx_word' id='word_1_318' title='bbox 766 4134 803 4192; x_wconf 87' lang='lat'>15</span> <span class='ocrx_word' id='word_1_319' title='bbox 816 4133 972 4188; x_wconf 88' lang='lat' dir='ltr'>danihelum</span> <span class='ocrx_word' id='word_1_320' title='bbox 985 4133 1025 4188; x_wconf 92' lang='lat' dir='ltr'><strong><em>W</em></strong></span> <span class='ocrx_word' id='word_1_321' title='bbox 1096 4133 1275 4188; x_wconf 86' lang='lat' dir='ltr'>micheamW</span> 
     </span>
     <span class='ocr_line' id='line_1_35' title="bbox 188 4216 1325 4289; baseline -0.002 -16"><span class='ocrx_word' id='word_1_322' title='bbox 188 4217 226 4274; x_wconf 90' lang='grc'>16</span> <span class='ocrx_word' id='word_1_323' title='bbox 238 4216 328 4273; x_wconf 82' lang='lat' dir='ltr'>doum.</span> <span class='ocrx_word' id='word_1_324' title='bbox 340 4259 346 4272; x_wconf 92' lang='lat'><strong>.</strong></span> <span class='ocrx_word' id='word_1_325' title='bbox 357 4219 386 4274; x_wconf 88' lang='lat' dir='ltr'>.l.</span> <span class='ocrx_word' id='word_1_326' title='bbox 396 4223 432 4273; x_wconf 84' lang='lat'>17</span> <span class='ocrx_word' id='word_1_327' title='bbox 440 4218 635 4289; x_wconf 73' lang='lat' dir='ltr'>adprehendam</span> <span class='ocrx_word' id='word_1_328' title='bbox 643 4236 693 4274; x_wconf 79' lang='lat' dir='ltr'>cera</span> <span class='ocrx_word' id='word_1_329' title='bbox 703 4237 721 4274; x_wconf 86' lang='lat' dir='ltr'>o</span> <span class='ocrx_word' id='word_1_330' title='bbox 757 4218 793 4276; x_wconf 83' lang='lat'>19</span> <span class='ocrx_word' id='word_1_331' title='bbox 806 4219 934 4274; x_wconf 87' lang='lat' dir='ltr'>arietum.</span> <span class='ocrx_word' id='word_1_332' title='bbox 946 4220 1086 4274; x_wconf 88' lang='lat' dir='ltr'>..milibus</span> <span class='ocrx_word' id='word_1_333' title='bbox 1098 4235 1176 4274; x_wconf 60' lang='lat' dir='ltr'>onae</span> <span class='ocrx_word' id='word_1_334' title='bbox 1220 4218 1257 4274; x_wconf 76' lang='lat'>21</span> <span class='ocrx_word' id='word_1_335' title='bbox 1271 4217 1325 4272; x_wconf 92' lang='lat' dir='ltr'>tibi</span> 
     </span>
     <span class='ocr_line' id='line_1_36' title="bbox 188 4304 1325 4377; baseline -0.001 -19"><span class='ocrx_word' id='word_1_336' title='bbox 188 4306 258 4360; x_wconf 81' lang='lat' dir='ltr'>seta</span> <span class='ocrx_word' id='word_1_337' title='bbox 316 4305 503 4376; x_wconf 81' lang='lat' dir='ltr'>qnid]quodo</span> <span class='ocrx_word' id='word_1_338' title='bbox 554 4306 593 4363; x_wconf 79' lang='lat'>22</span> <span class='ocrx_word' id='word_1_339' title='bbox 612 4305 757 4375; x_wconf 84' lang='lat' dir='ltr'>exquirito</span> <span class='ocrx_word' id='word_1_340' title='bbox 815 4305 855 4363; x_wconf 79' lang='lat'>24</span> <span class='ocrx_word' id='word_1_341' title='bbox 872 4305 1001 4377; x_wconf 84' lang='lat' dir='ltr'>saluabit]</span> <span class='ocrx_word' id='word_1_342' title='bbox 1014 4307 1079 4361; x_wconf 85' lang='lat' dir='ltr'>cdd.</span> <span class='ocrx_word' id='word_1_343' title='bbox 1095 4307 1143 4362; x_wconf 89' lang='lat' dir='ltr'>W:</span> <span class='ocrx_word' id='word_1_344' title='bbox 1162 4304 1325 4358; x_wconf 88' lang='lat' dir='ltr'>inoratione</span> 
     </span>
     <span class='ocr_line' id='line_1_37' title="bbox 189 4391 1324 4461; baseline -0.002 -16"><span class='ocrx_word' id='word_1_345' title='bbox 189 4391 343 4446; x_wconf 80' lang='lat' dir='ltr'>ambacum:</span> <span class='ocrx_word' id='word_1_346' title='bbox 360 4393 412 4447; x_wconf 74' lang='lat' dir='ltr'>dno</span> <span class='ocrx_word' id='word_1_347' title='bbox 424 4391 548 4446; x_wconf 84' lang='lat' dir='ltr'>exaudiui</span> <span class='ocrx_word' id='word_1_348' title='bbox 564 4392 660 4447; x_wconf 87' lang='lat' dir='ltr'>auditu</span> <span class='ocrx_word' id='word_1_349' title='bbox 672 4395 750 4446; x_wconf 89' lang='lat' dir='ltr'>tuum</span> <span class='ocrx_word' id='word_1_350' title='bbox 763 4395 791 4445; x_wconf 87' lang='lat' dir='ltr'>et</span> <span class='ocrx_word' id='word_1_351' title='bbox 802 4392 898 4447; x_wconf 91' lang='lat' dir='ltr'>timui:</span> <span class='ocrx_word' id='word_1_352' title='bbox 911 4392 1077 4447; x_wconf 84' lang='lat' dir='ltr'>consideraui</span> <span class='ocrx_word' id='word_1_353' title='bbox 1089 4407 1169 4461; x_wconf 83' lang='lat' dir='ltr'>opera</span> <span class='ocrx_word' id='word_1_354' title='bbox 1181 4394 1229 4444; x_wconf 85' lang='lat' dir='ltr'>tua</span> <span class='ocrx_word' id='word_1_355' title='bbox 1242 4391 1269 4444; x_wconf 88' lang='lat' dir='ltr'>et</span> <span class='ocrx_word' id='word_1_356' title='bbox 1281 4407 1324 4444; x_wconf 85' lang='lat' dir='ltr'>cx-</span> 
     </span>
     <span class='ocr_line' id='line_1_38' title="bbox 189 4475 1325 4546; baseline 0 -16"><span class='ocrx_word' id='word_1_357' title='bbox 189 4475 253 4545; x_wconf 86' lang='lat' dir='ltr'>pani</span> <span class='ocrx_word' id='word_1_358' title='bbox 261 4476 290 4530; x_wconf 92' lang='lat' dir='ltr'>iu</span> <span class='ocrx_word' id='word_1_359' title='bbox 302 4477 389 4532; x_wconf 88' lang='lat' dir='ltr'>medio</span> <span class='ocrx_word' id='word_1_360' title='bbox 400 4477 513 4532; x_wconf 85' lang='lat' dir='ltr'>duorum</span> <span class='ocrx_word' id='word_1_361' title='bbox 524 4477 683 4532; x_wconf 87' lang='lat' dir='ltr'>animalium</span> <span class='ocrx_word' id='word_1_362' title='bbox 689 4479 769 4546; x_wconf 85' lang='lat' dir='ltr'>(Hah.</span> <span class='ocrx_word' id='word_1_363' title='bbox 780 4481 808 4543; x_wconf 86' lang='lat'>3,</span> <span class='ocrx_word' id='word_1_364' title='bbox 817 4480 849 4546; x_wconf 80' lang='lat'>2)</span> <span class='ocrx_word' id='word_1_365' title='bbox 885 4478 924 4538; x_wconf 79' lang='lat'>25</span> <span class='ocrx_word' id='word_1_366' title='bbox 936 4478 1104 4533; x_wconf 87' lang='lat' dir='ltr'>micheanW</span> <span class='ocrx_word' id='word_1_367' title='bbox 1144 4481 1220 4530; x_wconf 85' lang='lat' dir='ltr'>tuum</span> <span class='ocrx_word' id='word_1_368' title='bbox 1230 4475 1325 4530; x_wconf 79' lang='lat' dir='ltr'>cnaW</span> 
     </span>
    </p>
   </div>
   <div class='ocr_carea' id='block_1_5' title="bbox 0 0 1640 5159">
    <p class='ocr_par' dir='ltr' id='par_1_5' title="bbox 0 0 1640 5159">
     <span class='ocr_line' id='line_1_39' title="bbox 0 0 1640 5159; baseline 0 0"><span class='ocrx_word' id='word_1_369' title='bbox 0 0 1640 5159; x_wconf 95' lang='lat' dir='ltr'> </span> 
     </span>
    </p>
   </div>
  </div>
 </body>
</html>
