3242 5159
354 526 418 592 ’140
557 544 559 550 ’
752 522 899 578 Caecilii
916 521 1078 593 Cypriani

352 679 449 746 laoiae
463 679 495 743 et
509 677 780 744 oiroumuentionis
800 678 919 744 emman
933 679 1105 744 aooesserit
1125 681 1323 762 nequeenim
1332 683 1404 745 tarn
1415 681 1481 744 eul-

352 782 471 866 paadus
487 783 535 848 est
548 781 603 847 ille
618 781 668 848 oui
684 783 884 866 neglegenter
897 782 1061 865 obreptum
1076 783 1124 849 est
1141 802 1236 865 quam
1253 783 1306 848 bio
1321 801 1481 848 exsecran-

352 886 410 952 dus
421 885 475 968 qui
486 883 699 952 fraudulenter
709 885 855 968 obrepsit.
875 886 1021 970 obrepere
1036 888 1142 952 eutem
1156 887 1184 952 si
1198 886 1377 952 bominibus
1392 885 1482 950 Basi-

352 987 431 1054 lides
461 989 580 1071 potuit,
605 988 670 1054 Deo
694 1006 754 1054 non
779 990 891 1071 potest,
917 1007 988 1055 oum
1014 991 1165 1073 seriptum
1190 989 1248 1054 sit:
1276 990 1384 1054 Deus
1412 1009 1483 1056 non

359 1091 570 1158 deridetur.
606 1091 659 1157 sed
683 1095 744 1158 'neo
780 1091 920 1158 Martiali
951 1095 1056 1176 potest
1087 1093 1240 1176 profuisse
1269 1091 1397 1158 fabaria
1424 1109 1502 1173 quor

354 1201 455 1260 minus
470 1195 536 1278 ipse
551 1213 670 1278 quoque
685 1195 806 1260 debetis
822 1196 971 1280 grauibus
985 1197 1146 1262 inuolutus
1157 1197 1371 1280 episoopatam
1382 1197 1483 1259 tenere

354 1316 414 1364 non
438 1299 558 1378 debeat,
582 1298 702 1381 quando
721 1301 753 1364 et
769 1298 928 1382 apostolus
950 1301 1075 1365 moneat
1090 1299 1235 1366 etdioat:
1258 1299 1483 1381 episcopum

355 1403 512 1486 oportet
534 1421 620 1468 esse
641 1401 724 1467 sine
745 1401 911 1467 erimine
931 1402 1046 1485 quasi
1066 1403 1138 1467 Dei
1160 1402 1482 1484 dispensatorem.

325 1512 346 1574 t
399 1504 592 1590 Quapropter
603 1524 684 1584 oum,
700 1505 783 1572 siout
796 1505 945 1584 scribitis,
960 1505 1072 1572 batres
1083 1505 1290 1584 dilectissimi,
1305 1506 1340 1570 et
1349 1507 1389 1570 ut
1399 1501 1483 1568 Felix

359 1611 392 1676 et
406 1608 537 1675 Sabinus
557 1609 693 1695 oollegae
713 1609 813 1675 nostri
832 1608 1016 1675 adsederant
1035 1610 1131 1692 atoue
1146 1608 1228 1674 alius
1242 1607 1334 1672 Felix
1355 1606 1396 1671 de
1411 1606 1514 1672 (laeuo

360 1713 544 1797 saraugusta
564 1711 636 1778 fidei
658 1712 759 1778 cultor
779 1731 816 1778 no
836 1713 977 1778 defensor
998 1711 1140 1778 ueritatis
1161 1712 1277 1776 litteris
1298 1711 1366 1776 suis
1389 1709 1484 1794 signi·

357 1817 440 1895 lieet,
462 1815 615 1884 Basilides
630 1817 662 1880 et
676 1815 832 1882 Martialis
852 1815 987 1881 nefando
1002 1814 1197 1880 idololatriae
1210 1813 1320 1879 libello
1335 1813 1484 1878 oontami·

357 1919 425 1986 nati
444 1919 520 1998 sint,
540 1918 694 1985 Basilides
709 1919 809 1984 adhue
829 1918 957 2003 insuper
976 1921 1098 2003 praeter
1118 1918 1219 1984 libelli
1238 1917 1398 1983 matulam
1417 1935 1484 1982 cum

357 2021 540 2088 infirmitate
566 2021 779 2102 decumberet,
813 2023 846 2088 in
871 2022 972 2088 Deum
998 2022 1263 2104 blaspbemaaerit
1288 2023 1380 2087 etse
1405 2019 1485 2084 blas·

358 2125 519 2210 phemasse
547 2123 704 2190 confessus
730 2124 773 2190 sit
800 2127 833 2190 et
862 2125 1073 2208 epieeopatum
1100 2144 1156 2208 pro
1182 2126 1391 2192 eonscientiae
1416 2139 1514 2187 sareu

359 2230 485 2295 uulnere
514 2231 621 2311 sponte
647 2230 800 2312 deponens
825 2229 866 2294 td
891 2228 1044 2314 agendam
1069 2229 1294 2311 paenitentiam
1322 2246 1485 2296 oonnarsus
1586 2282 1587 2285 η

360 2334 402 2398 sit
424 2333 524 2398 Deum
552 2331 716 2415 deprecans
738 2335 770 2398 at
792 2331 870 2397 satis
897 2332 1059 2416 gratulans
1079 2331 1107 2396 si
1129 2331 1190 2397 sibi
1216 2332 1269 2397 uel
1296 2332 1378 2398 laioo
1405 2349 1484 2397 oom-

360 2435 518 2502 munioars
539 2435 742 2520 contingeret,
766 2434 923 2500 Martialis
943 2451 1064 2518 quoqne
1085 2435 1207 2519 praeter
1227 2435 1398 2519 gentilium
1421 2435 1484 2498 tur·

359 2540 413 2624 pia
435 2540 466 2604 et
486 2538 642 2604 lutulenta
663 2537 806 2602 oonuiuia
831 2539 864 2603 in
890 2538 1021 2623 eollegio
1047 2536 1102 2603 diu
1128 2537 1326 2620 bequentata
1352 2540 1385 2603 et
1410 2536 1484 2601 filios

360 2644 393 2708 in
417 2641 524 2707 eodem
549 2640 679 2725 eollegio
705 2642 879 2706 exterarum
909 2639 1051 2726 gentium
1079 2660 1165 2707 more
1184 2641 1267 2725 apud
1287 2642 1514 2725 profanasse

361 2745 470 2830 pulora
493 2743 647 2826 depositos
668 2746 700 2810 et
720 2743 903 2829 alienigenis
925 2744 1129 2827 consepultos,
1150 2745 1230 2810 aotis
1250 2745 1349 2810 etiam
1368 2743 1484 2827 publiea

361 2847 478 2914 habitis
500 2847 583 2930 apud
605 2849 836 2930 procuratorem
857 2847 1057 2914 ducenarium
1078 2848 1308 2930 obtemperasse
1330 2865 1363 2913 se
1391 2847 1484 2912 idolo-

361 2950 472 3016 latriae
495 2951 527 3016 et
547 2948 706 3015 Christum
727 2968 856 3034 negasse
876 2951 1067 3017 conbatatus
1088 2951 1131 3015 sit
1151 2969 1285 3034 eumque
1305 2951 1370 3016 alia
1389 2949 1485 3016 multa

464 3155 482 3209 4
500 3153 558 3209 Gal.
577 3154 601 3218 6,
621 3155 645 3207 7.
715 3155 730 3209 l
750 3154 804 3208 Tit.
824 3155 849 3219 1,
867 3155 893 3208 l.

417 3327 682 3382 loiroumuentioues
694 3326 747 3397 Lo
833 3327 946 3381 aeeessit
961 3326 994 3382 0¹
1088 3326 1335 3382 3fraudolenterC
1420 3325 1484 3380 obri·
1508 3330 1511 3337 ’

364 3429 425 3482 pere
437 3412 484 3483 OQ
621 3415 638 3466 4
650 3413 748 3482 petest}
761 3415 852 3482 potuit
864 3412 887 3467 0
1029 3413 1165 3467 6deliotis
1177 3429 1247 3468 corr.
1261 3414 1294 3468 ia
1305 3413 1421 3467 detectis
1435 3411 1456 3466 0

365 3499 494 3569 grauique
507 3498 646 3552 inuolatus
659 3499 769 3553 erimina
782 3498 805 3553 0
890 3499 905 3551 7
919 3499 1025 3567 quando
1094 3499 1170 3554 dieat
1180 3515 1231 3554 orn.
1245 3499 1268 3554 0
1351 3498 1485 3566 erepen-

366 3589 481 3641 satorem
497 3584 520 3654 Q
639 3583 728 3638 9oum
740 3600 790 3638 ont
806 3584 831 3654 Q
950 3584 1032 3654 aient]
1045 3586 1069 3639 si
1081 3587 1146 3655 quot
1159 3585 1190 3655 Q,
1203 3585 1274 3639 sieut
1285 3567 1348 3639 iffi
1355 3585 1378 3640 C
1387 3583 1435 3638 aed
1445 3584 1487 3636 eat

366 3689 399 3728 ex
410 3675 424 3726 t
545 3671 653 3740 seriptis
666 3670 727 3734 LP,
740 3671 890 3740 soripaiatis
905 3669 944 3740 Qu
1071 3671 1251 3740 dilectissimi]
1263 3670 1347 3724 dauid
1359 3687 1419 3739 exp
1432 3667 1486 3723 co

365 3775 385 3814 a.
399 3760 418 3813 l.
431 3758 530 3813 claruit
633 3761 664 3812 ut
676 3760 705 3812 et
721 3757 744 3827 Q
856 3758 1094 3813 loenensium
1109 3758 1133 3814 0
1244 3773 1368 3812 mesarea
1379 3757 1488 3825 angae&

367 3844 447 3900 GRV
538 3845 571 3898 11
584 3859 615 3898 eo
626 3859 675 3898 ont
692 3843 716 3898 0
808 3844 843 3898 12
855 3843 997 3898 idolatriae
1009 3844 1140 3914 OLPQR
1228 3845 1414 3899 oontaminata
1425 3841 1457 3896 θ’

367 3931 400 3983 13
412 3930 468 3983 sint
481 3946 515 3984 ex
527 3932 591 3984 aunt
602 3929 640 3983 Μ
650 3929 717 3998 (sint
731 3929 773 4000 Q),
786 3931 843 3984 aine
856 3930 884 3986 R
971 3930 1004 3984 14
1014 3930 1044 3984 in
1056 3929 1245 3985 infirmitatae
1327 3929 1358 3983 in
1369 3945 1420 3984 ost
1432 3928 1458 3982 P

368 4016 401 4069 15
412 4015 471 4085 pro]
483 4032 531 4085 pro
541 4016 593 4070 boe
605 4015 656 4071 ΟΒ
748 4015 780 4070 16
792 4017 901 4071 uolnere
915 4015 982 4085 11¹0
1067 4015 1102 4071 ad
1113 4033 1164 4072 aaa
1177 4017 1204 4071 L
1290 4016 1323 4070 ll
1335 4017 1361 4070 si
1374 4013 1459 4070 ortG

368 4101 402 4155 18
413 4101 568 4170 contingere
580 4101 602 4158 0
704 4103 844 4158 mmeialea
857 4102 884 4157 L
987 4103 1138 4172 gentiliat'
1240 4101 1423 4157 relucerent·
1432 4102 1459 4156 P

368 4187 397 4240 in
410 4202 460 4241 oon.
476 4187 500 4242 0
609 4189 723 4258 collegia
734 4188 781 4243 diu
793 4188 984 4258 frequentato
1085 4188 1159 4244 illius
1172 4189 1196 4244 G
1306 4188 1343 4243 20
1354 4187 1489 4258 sepulchre

374 4272 451 4328 GRP
574 4273 608 4328 21
620 4274 749 4344 depositis
762 4275 796 4330 0¹
921 4275 1092 4344 oonsepnltus
1104 4275 1129 4330 0
1247 4275 1341 4344 etiam]
1354 4274 1426 4329 enirn
1440 4275 1461 4326 0

369 4357 500 4427 publioise
512 4359 541 4415 R
625 4359 883 4431 neapud10apnt0
961 4377 990 4416 se
1001 4361 1088 4417 omo
1173 4359 1314 4415 idolatfiae
1329 4357 1459 4428 GLPQB

369 4444 405 4498 2³
417 4459 545 4513 cumquae
561 4444 591 4514 Q,
605 4459 665 4500 oum
678 4445 727 4501 CR
