<?xml version="1.0" encoding="UTF-8"?>
<!DOCTYPE html PUBLIC "-//W3C//DTD XHTML 1.0 Transitional//EN"
    "http://www.w3.org/TR/xhtml1/DTD/xhtml1-transitional.dtd">
<html xmlns="http://www.w3.org/1999/xhtml" xml:lang="en" lang="en">
 <head>
  <title>
</title>
<meta http-equiv="Content-Type" content="text/html;charset=utf-8" />
  <meta name='ocr-system' content='tesseract 3.04.00' />
  <meta name='ocr-capabilities' content='ocr_page ocr_carea ocr_par ocr_line ocrx_word'/>
</head>
<body>
  <div class='ocr_page' id='page_1' title='image "./corpusscriptoru04wiengoog_0280.png"; bbox 0 0 3242 5159; ppageno 0'>
   <div class='ocr_carea' id='block_1_1' title="bbox 305 533 1046 604">
    <p class='ocr_par' dir='ltr' id='par_1_1' title="bbox 305 533 1046 604">
     <span class='ocr_line' id='line_1_1' title="bbox 305 533 1046 604; baseline -0.023 -1"><span class='ocrx_word' id='word_1_1' title='bbox 305 539 372 602; x_wconf 78' lang='lat'>268</span> <span class='ocrx_word' id='word_1_2' title='bbox 719 535 865 588; x_wconf 77' lang='lat' dir='ltr'>Caecilii</span> <span class='ocrx_word' id='word_1_3' title='bbox 883 533 1046 604; x_wconf 81' lang='lat' dir='ltr'>Cypriani</span> 
     </span>
    </p>
   </div>
   <div class='ocr_carea' id='block_1_2' title="bbox 212 690 1525 3792">
    <p class='ocr_par' dir='ltr' id='par_1_2' title="bbox 307 690 1442 774">
     <span class='ocr_line' id='line_1_2' title="bbox 307 690 1442 774; baseline -0.003 -17"><span class='ocrx_word' id='word_1_4' title='bbox 307 710 368 774; x_wconf 90' lang='lat' dir='ltr'>que</span> <span class='ocrx_word' id='word_1_5' title='bbox 383 691 449 757; x_wconf 88' lang='lat' dir='ltr'>eius</span> <span class='ocrx_word' id='word_1_6' title='bbox 465 710 535 756; x_wconf 87' lang='lat' dir='ltr'>uere</span> <span class='ocrx_word' id='word_1_7' title='bbox 550 694 582 756; x_wconf 86' lang='lat' dir='ltr'>st</span> <span class='ocrx_word' id='word_1_8' title='bbox 597 690 780 773; x_wconf 79' lang='lat' dir='ltr'>spiritaliter</span> <span class='ocrx_word' id='word_1_9' title='bbox 795 691 966 756; x_wconf 87' lang='lat' dir='ltr'>adoremus.</span> <span class='ocrx_word' id='word_1_10' title='bbox 984 710 1062 774; x_wconf 84' lang='lat' dir='ltr'>quae</span> <span class='ocrx_word' id='word_1_11' title='bbox 1077 691 1161 756; x_wconf 91' lang='lat' dir='ltr'>euim</span> <span class='ocrx_word' id='word_1_12' title='bbox 1176 691 1278 774; x_wconf 89' lang='lat' dir='ltr'>potest</span> <span class='ocrx_word' id='word_1_13' title='bbox 1293 709 1360 756; x_wconf 90' lang='lat' dir='ltr'>esse</span> <span class='ocrx_word' id='word_1_14' title='bbox 1375 691 1442 773; x_wconf 85' lang='lat' dir='ltr'>spi-</span> 
     </span>
    </p>

    <p class='ocr_par' dir='ltr' id='par_1_3' title="bbox 308 793 1440 878">
     <span class='ocr_line' id='line_1_3' title="bbox 308 793 1440 878; baseline -0.001 -19"><span class='ocrx_word' id='word_1_15' title='bbox 308 794 411 860; x_wconf 87' lang='lat' dir='ltr'>ritalis</span> <span class='ocrx_word' id='word_1_16' title='bbox 426 795 523 860; x_wconf 87' lang='lat' dir='ltr'>oratio</span> <span class='ocrx_word' id='word_1_17' title='bbox 538 815 632 878; x_wconf 85' lang='lat' dir='ltr'>quam</span> <span class='ocrx_word' id='word_1_18' title='bbox 647 814 725 877; x_wconf 89' lang='lat' dir='ltr'>quae</span> <span class='ocrx_word' id='word_1_19' title='bbox 740 813 759 860; x_wconf 90' lang='lat' dir='ltr'>a</span> <span class='ocrx_word' id='word_1_20' title='bbox 773 793 896 860; x_wconf 81' lang='lat' dir='ltr'>Christo</span> <span class='ocrx_word' id='word_1_21' title='bbox 910 794 999 860; x_wconf 86' lang='lat' dir='ltr'>nobis</span> <span class='ocrx_word' id='word_1_22' title='bbox 1014 794 1088 860; x_wconf 88' lang='lat' dir='ltr'>data</span> <span class='ocrx_word' id='word_1_23' title='bbox 1103 795 1165 871; x_wconf 87' lang='lat' dir='ltr'>est,</span> <span class='ocrx_word' id='word_1_24' title='bbox 1187 813 1207 859; x_wconf 86' lang='lat' dir='ltr'>a</span> <span class='ocrx_word' id='word_1_25' title='bbox 1229 811 1289 876; x_wconf 93' lang='lat' dir='ltr'>quo</span> <span class='ocrx_word' id='word_1_26' title='bbox 1304 793 1392 859; x_wconf 89' lang='lat' dir='ltr'>nohis</span> <span class='ocrx_word' id='word_1_27' title='bbox 1407 796 1440 858; x_wconf 91' lang='lat' dir='ltr'>et</span> 
     </span>
    </p>

    <p class='ocr_par' dir='ltr' id='par_1_4' title="bbox 306 898 1439 983">
     <span class='ocr_line' id='line_1_4' title="bbox 306 898 1439 983; baseline -0.002 -19"><span class='ocrx_word' id='word_1_28' title='bbox 306 898 445 983; x_wconf 77' lang='lat' dir='ltr'>Spiritus</span> <span class='ocrx_word' id='word_1_29' title='bbox 466 901 590 964; x_wconf 86' lang='lat' dir='ltr'>sanctus</span> <span class='ocrx_word' id='word_1_30' title='bbox 616 899 731 964; x_wconf 91' lang='lat' dir='ltr'>missus</span> <span class='ocrx_word' id='word_1_31' title='bbox 757 899 821 976; x_wconf 90' lang='lat' dir='ltr'>ost,</span> <span class='ocrx_word' id='word_1_32' title='bbox 844 917 923 980; x_wconf 88' lang='lat' dir='ltr'>quae</span> <span class='ocrx_word' id='word_1_33' title='bbox 952 916 1026 964; x_wconf 84' lang='lat' dir='ltr'>uera</span> <span class='ocrx_word' id='word_1_34' title='bbox 1050 899 1127 980; x_wconf 85' lang='lat' dir='ltr'>aput</span> <span class='ocrx_word' id='word_1_35' title='bbox 1151 900 1274 981; x_wconf 80' lang='lat' dir='ltr'>petrem</span> <span class='ocrx_word' id='word_1_36' title='bbox 1303 898 1439 980; x_wconf 85' lang='lat' dir='ltr'>precatio</span> 
     </span>
    </p>

    <p class='ocr_par' dir='ltr' id='par_1_5' title="bbox 307 1001 1440 1086">
     <span class='ocr_line' id='line_1_5' title="bbox 307 1001 1440 1086; baseline -0.001 -19"><span class='ocrx_word' id='word_1_37' title='bbox 307 1022 403 1086; x_wconf 88' lang='lat' dir='ltr'>quam</span> <span class='ocrx_word' id='word_1_38' title='bbox 426 1021 503 1086; x_wconf 89' lang='lat' dir='ltr'>quae</span> <span class='ocrx_word' id='word_1_39' title='bbox 525 1002 629 1068; x_wconf 84' lang='lat' dir='ltr'>atilio</span> <span class='ocrx_word' id='word_1_40' title='bbox 652 1003 707 1084; x_wconf 91' lang='lat' dir='ltr'>qui</span> <span class='ocrx_word' id='word_1_41' title='bbox 729 1002 777 1067; x_wconf 89' lang='lat' dir='ltr'>est</span> <span class='ocrx_word' id='word_1_42' title='bbox 798 1001 914 1066; x_wconf 87' lang='lat' dir='ltr'>ueritas</span> <span class='ocrx_word' id='word_1_43' title='bbox 937 1002 974 1067; x_wconf 92' lang='lat' dir='ltr'>de</span> <span class='ocrx_word' id='word_1_44' title='bbox 997 1002 1063 1068; x_wconf 87' lang='lat' dir='ltr'>eius</span> <span class='ocrx_word' id='word_1_45' title='bbox 1090 1019 1141 1066; x_wconf 90' lang='lat' dir='ltr'>ore</span> <span class='ocrx_word' id='word_1_46' title='bbox 1166 1002 1287 1084; x_wconf 84' lang='lat' dir='ltr'>prolata</span> <span class='ocrx_word' id='word_1_47' title='bbox 1312 1003 1381 1066; x_wconf 75' lang='lat' dir='ltr'>est?</span> <span class='ocrx_word' id='word_1_48' title='bbox 1403 1003 1440 1066; x_wconf 89' lang='lat' dir='ltr'>ut</span> 
     </span>
    </p>

    <p class='ocr_par' dir='ltr' id='par_1_6' title="bbox 306 1105 1464 1293">
     <span class='ocr_line' id='line_1_6' title="bbox 306 1105 1464 1189; baseline -0.001 -18"><span class='ocrx_word' id='word_1_49' title='bbox 306 1107 400 1172; x_wconf 88' lang='lat' dir='ltr'>aliter</span> <span class='ocrx_word' id='word_1_50' title='bbox 414 1125 501 1172; x_wconf 89' lang='lat' dir='ltr'>orare</span> <span class='ocrx_word' id='word_1_51' title='bbox 516 1125 610 1189; x_wconf 84' lang='lat' dir='ltr'>quam</span> <span class='ocrx_word' id='word_1_52' title='bbox 625 1105 729 1170; x_wconf 88' lang='lat' dir='ltr'>docuit</span> <span class='ocrx_word' id='word_1_53' title='bbox 755 1124 815 1171; x_wconf 93' lang='lat' dir='ltr'>non</span> <span class='ocrx_word' id='word_1_54' title='bbox 841 1105 1018 1189; x_wconf 79' lang='lat' dir='ltr'>ignorantia</span> <span class='ocrx_word' id='word_1_55' title='bbox 1043 1107 1109 1171; x_wconf 89' lang='lat' dir='ltr'>sola</span> <span class='ocrx_word' id='word_1_56' title='bbox 1133 1106 1176 1170; x_wconf 90' lang='lat' dir='ltr'>sit</span> <span class='ocrx_word' id='word_1_57' title='bbox 1202 1105 1256 1170; x_wconf 88' lang='lat' dir='ltr'>sod</span> <span class='ocrx_word' id='word_1_58' title='bbox 1282 1107 1314 1171; x_wconf 93' lang='lat' dir='ltr'>et</span> <span class='ocrx_word' id='word_1_59' title='bbox 1339 1105 1464 1186; x_wconf 63' lang='lat' dir='ltr'>culpas</span> 
     </span>
     <span class='ocr_line' id='line_1_7' title="bbox 308 1207 1441 1293; baseline -0.003 -18"><span class='ocrx_word' id='word_1_60' title='bbox 308 1210 430 1293; x_wconf 87' lang='lat' dir='ltr'>quando</span> <span class='ocrx_word' id='word_1_61' title='bbox 446 1211 511 1293; x_wconf 89' lang='lat' dir='ltr'>ipse</span> <span class='ocrx_word' id='word_1_62' title='bbox 527 1209 664 1293; x_wconf 86' lang='lat' dir='ltr'>posuerit</span> <span class='ocrx_word' id='word_1_63' title='bbox 679 1210 710 1274; x_wconf 90' lang='lat' dir='ltr'>et</span> <span class='ocrx_word' id='word_1_64' title='bbox 725 1207 852 1273; x_wconf 80' lang='lat' dir='ltr'>dixerit:</span> <span class='ocrx_word' id='word_1_65' title='bbox 876 1209 1032 1274; x_wconf 89' lang='lat' dir='ltr'>reicitis</span> <span class='ocrx_word' id='word_1_66' title='bbox 1047 1209 1273 1274; x_wconf 86' lang='lat' dir='ltr'>mandatum</span> <span class='ocrx_word' id='word_1_67' title='bbox 1288 1209 1376 1287; x_wconf 90' lang='lat' dir='ltr'>Dei,</span> <span class='ocrx_word' id='word_1_68' title='bbox 1397 1210 1441 1272; x_wconf 89' lang='lat' dir='ltr'>ut</span> 
     </span>
    </p>

    <p class='ocr_par' dir='ltr' id='par_1_7' title="bbox 307 1313 990 1378">
     <span class='ocr_line' id='line_1_8' title="bbox 307 1313 990 1378; baseline -0.003 0"><span class='ocrx_word' id='word_1_69' title='bbox 307 1313 565 1378; x_wconf 84' lang='lat' dir='ltr'>traditionem</span> <span class='ocrx_word' id='word_1_70' title='bbox 589 1314 762 1378; x_wconf 88' lang='lat' dir='ltr'>uestram</span> <span class='ocrx_word' id='word_1_71' title='bbox 785 1313 990 1378; x_wconf 86' lang='lat' dir='ltr'>statuatis.</span> 
     </span>
    </p>

    <p class='ocr_par' dir='ltr' id='par_1_8' title="bbox 273 1415 1477 2436">
     <span class='ocr_line' id='line_1_9' title="bbox 273 1415 1438 1500; baseline 0 -22"><span class='ocrx_word' id='word_1_72' title='bbox 273 1416 294 1478; x_wconf 75' lang='grc'>3</span> <span class='ocrx_word' id='word_1_73' title='bbox 351 1418 481 1483; x_wconf 82' lang='lat' dir='ltr'>(tremus</span> <span class='ocrx_word' id='word_1_74' title='bbox 496 1417 611 1498; x_wconf 88' lang='lat' dir='ltr'>itaque,</span> <span class='ocrx_word' id='word_1_75' title='bbox 628 1415 738 1482; x_wconf 84' lang='lat' dir='ltr'>iratres</span> <span class='ocrx_word' id='word_1_76' title='bbox 754 1415 959 1494; x_wconf 84' lang='lat' dir='ltr'>dilectissimi,</span> <span class='ocrx_word' id='word_1_77' title='bbox 976 1416 1058 1482; x_wconf 89' lang='lat' dir='ltr'>sicut</span> <span class='ocrx_word' id='word_1_78' title='bbox 1069 1416 1219 1500; x_wconf 86' lang='lat' dir='ltr'>magister</span> <span class='ocrx_word' id='word_1_79' title='bbox 1229 1417 1313 1481; x_wconf 91' lang='lat' dir='ltr'>Deus</span> <span class='ocrx_word' id='word_1_80' title='bbox 1325 1415 1438 1480; x_wconf 90' lang='lat' dir='ltr'>docuit.</span> 
     </span>
     <span class='ocr_line' id='line_1_10' title="bbox 307 1519 1439 1604; baseline -0.004 -16"><span class='ocrx_word' id='word_1_81' title='bbox 307 1522 407 1588; x_wconf 85' lang='lat' dir='ltr'>amica</span> <span class='ocrx_word' id='word_1_82' title='bbox 423 1523 454 1587; x_wconf 86' lang='lat' dir='ltr'>et</span> <span class='ocrx_word' id='word_1_83' title='bbox 469 1520 634 1587; x_wconf 84' lang='lat' dir='ltr'>familiaris</span> <span class='ocrx_word' id='word_1_84' title='bbox 649 1521 747 1587; x_wconf 86' lang='lat' dir='ltr'>oratio</span> <span class='ocrx_word' id='word_1_85' title='bbox 762 1523 809 1586; x_wconf 86' lang='lat' dir='ltr'>est</span> <span class='ocrx_word' id='word_1_86' title='bbox 823 1521 925 1585; x_wconf 88' lang='lat' dir='ltr'>Deum</span> <span class='ocrx_word' id='word_1_87' title='bbox 941 1521 979 1585; x_wconf 91' lang='lat' dir='ltr'>de</span> <span class='ocrx_word' id='word_1_88' title='bbox 994 1538 1049 1584; x_wconf 90' lang='lat' dir='ltr'>suo</span> <span class='ocrx_word' id='word_1_89' title='bbox 1064 1537 1186 1604; x_wconf 80' lang='lat' dir='ltr'>rogaro,</span> <span class='ocrx_word' id='word_1_90' title='bbox 1209 1519 1250 1584; x_wconf 89' lang='lat' dir='ltr'>ad</span> <span class='ocrx_word' id='word_1_91' title='bbox 1269 1537 1359 1584; x_wconf 86' lang='lat' dir='ltr'>aures</span> <span class='ocrx_word' id='word_1_92' title='bbox 1373 1520 1439 1584; x_wconf 87' lang='lat' dir='ltr'>eins</span> 
     </span>
     <span class='ocr_line' id='line_1_11' title="bbox 305 1622 1477 1709; baseline 0 -17"><span class='ocrx_word' id='word_1_93' title='bbox 305 1626 469 1692; x_wconf 87' lang='lat' dir='ltr'>ascendere</span> <span class='ocrx_word' id='word_1_94' title='bbox 485 1624 602 1690; x_wconf 83' lang='lat' dir='ltr'>Christi</span> <span class='ocrx_word' id='word_1_95' title='bbox 617 1626 797 1691; x_wconf 86' lang='lat' dir='ltr'>orationem.</span> <span class='ocrx_word' id='word_1_96' title='bbox 822 1626 970 1709; x_wconf 85' lang='lat' dir='ltr'>agnoscat</span> <span class='ocrx_word' id='word_1_97' title='bbox 985 1625 1075 1706; x_wconf 89' lang='lat' dir='ltr'>pater</span> <span class='ocrx_word' id='word_1_98' title='bbox 1094 1622 1152 1688; x_wconf 87' lang='lat' dir='ltr'>tilii</span> <span class='ocrx_word' id='word_1_99' title='bbox 1167 1623 1217 1689; x_wconf 89' lang='lat' dir='ltr'>sui</span> <span class='ocrx_word' id='word_1_100' title='bbox 1231 1623 1343 1702; x_wconf 91' lang='lat' dir='ltr'>uerba,</span> <span class='ocrx_word' id='word_1_101' title='bbox 1368 1642 1439 1689; x_wconf 88' lang='lat' dir='ltr'>oum</span> <span class='ocrx_word' id='word_1_102' title='bbox 1449 1652 1477 1692; x_wconf 85' lang='lat' dir='ltr'>ro</span> 
     </span>
     <span class='ocr_line' id='line_1_12' title="bbox 306 1731 1438 1815; baseline 0.001 -20"><span class='ocrx_word' id='word_1_103' title='bbox 306 1749 428 1814; x_wconf 85' lang='lat' dir='ltr'>precem</span> <span class='ocrx_word' id='word_1_104' title='bbox 454 1731 601 1797; x_wconf 83' lang='lat' dir='ltr'>facimus:</span> <span class='ocrx_word' id='word_1_105' title='bbox 625 1733 679 1815; x_wconf 89' lang='lat' dir='ltr'>qui</span> <span class='ocrx_word' id='word_1_106' title='bbox 694 1732 817 1798; x_wconf 87' lang='lat' dir='ltr'>habitat</span> <span class='ocrx_word' id='word_1_107' title='bbox 831 1732 917 1797; x_wconf 90' lang='lat' dir='ltr'>intus</span> <span class='ocrx_word' id='word_1_108' title='bbox 932 1731 964 1796; x_wconf 95' lang='lat' dir='ltr'>in</span> <span class='ocrx_word' id='word_1_109' title='bbox 979 1732 1101 1813; x_wconf 86' lang='lat' dir='ltr'>pectora</span> <span class='ocrx_word' id='word_1_110' title='bbox 1121 1731 1187 1814; x_wconf 83' lang='lat' dir='ltr'>ipso</span> <span class='ocrx_word' id='word_1_111' title='bbox 1202 1731 1245 1796; x_wconf 89' lang='lat' dir='ltr'>sit</span> <span class='ocrx_word' id='word_1_112' title='bbox 1260 1733 1293 1796; x_wconf 88' lang='lat' dir='ltr'>et</span> <span class='ocrx_word' id='word_1_113' title='bbox 1306 1731 1340 1796; x_wconf 90' lang='lat' dir='ltr'>in</span> <span class='ocrx_word' id='word_1_114' title='bbox 1354 1748 1438 1810; x_wconf 89' lang='lat' dir='ltr'>uoce,</span> 
     </span>
     <span class='ocr_line' id='line_1_13' title="bbox 303 1835 1439 1918; baseline -0.002 -18"><span class='ocrx_word' id='word_1_115' title='bbox 303 1837 339 1900; x_wconf 89' lang='lat' dir='ltr'>et</span> <span class='ocrx_word' id='word_1_116' title='bbox 364 1853 436 1900; x_wconf 91' lang='lat' dir='ltr'>cum</span> <span class='ocrx_word' id='word_1_117' title='bbox 462 1835 565 1918; x_wconf 91' lang='lat' dir='ltr'>ipsum</span> <span class='ocrx_word' id='word_1_118' title='bbox 589 1835 755 1902; x_wconf 78' lang='lat' dir='ltr'>habeamus</span> <span class='ocrx_word' id='word_1_119' title='bbox 781 1837 856 1918; x_wconf 86' lang='lat' dir='ltr'>aput</span> <span class='ocrx_word' id='word_1_120' title='bbox 878 1836 1000 1917; x_wconf 81' lang='lat' dir='ltr'>petrem</span> <span class='ocrx_word' id='word_1_121' title='bbox 1026 1835 1213 1901; x_wconf 81' lang='lat' dir='ltr'>aduocatum</span> <span class='ocrx_word' id='word_1_122' title='bbox 1237 1835 1439 1917; x_wconf 77' lang='lat' dir='ltr'>propeccatis</span> 
     </span>
     <span class='ocr_line' id='line_1_14' title="bbox 305 1937 1439 2022; baseline -0.001 -19"><span class='ocrx_word' id='word_1_123' title='bbox 305 1939 435 2018; x_wconf 89' lang='lat' dir='ltr'>nostris,</span> <span class='ocrx_word' id='word_1_124' title='bbox 459 1937 579 2021; x_wconf 85' lang='lat' dir='ltr'>quaudo</span> <span class='ocrx_word' id='word_1_125' title='bbox 594 1941 767 2020; x_wconf 87' lang='lat' dir='ltr'>peccatores</span> <span class='ocrx_word' id='word_1_126' title='bbox 782 1957 838 2022; x_wconf 92' lang='lat' dir='ltr'>pro</span> <span class='ocrx_word' id='word_1_127' title='bbox 853 1938 977 2004; x_wconf 89' lang='lat' dir='ltr'>delictis</span> <span class='ocrx_word' id='word_1_128' title='bbox 990 1938 1104 2003; x_wconf 89' lang='lat' dir='ltr'>nostris</span> <span class='ocrx_word' id='word_1_129' title='bbox 1119 1939 1272 2020; x_wconf 87' lang='lat' dir='ltr'>petimus,</span> <span class='ocrx_word' id='word_1_130' title='bbox 1295 1937 1439 2004; x_wconf 86' lang='lat' dir='ltr'>aduocati</span> 
     </span>
     <span class='ocr_line' id='line_1_15' title="bbox 304 2040 1440 2125; baseline 0.001 -19"><span class='ocrx_word' id='word_1_131' title='bbox 304 2042 404 2107; x_wconf 86' lang='lat' dir='ltr'>nostri</span> <span class='ocrx_word' id='word_1_132' title='bbox 420 2042 515 2107; x_wconf 85' lang='lat' dir='ltr'>uerba</span> <span class='ocrx_word' id='word_1_133' title='bbox 529 2059 717 2125; x_wconf 88' lang='lat' dir='ltr'>promamus.</span> <span class='ocrx_word' id='word_1_134' title='bbox 740 2061 813 2107; x_wconf 83' lang='lat' dir='ltr'>nom</span> <span class='ocrx_word' id='word_1_135' title='bbox 827 2054 906 2106; x_wconf 83' lang='lat' dir='ltr'>&#39;cum</span> <span class='ocrx_word' id='word_1_136' title='bbox 921 2042 1020 2107; x_wconf 88' lang='lat' dir='ltr'>dicat:</span> <span class='ocrx_word' id='word_1_137' title='bbox 1054 2041 1147 2124; x_wconf 84' lang='lat' dir='ltr'>quia</span> <span class='ocrx_word' id='word_1_138' title='bbox 1168 2040 1440 2125; x_wconf 87' lang='lat' dir='ltr'>quodcumque</span> 
     </span>
     <span class='ocr_line' id='line_1_16' title="bbox 306 2145 1476 2227; baseline -0.001 -19"><span class='ocrx_word' id='word_1_139' title='bbox 306 2145 545 2227; x_wconf 85' lang='lat' dir='ltr'>petierimus</span> <span class='ocrx_word' id='word_1_140' title='bbox 578 2164 596 2210; x_wconf 89' lang='lat' dir='ltr'>a</span> <span class='ocrx_word' id='word_1_141' title='bbox 628 2148 740 2227; x_wconf 87' lang='lat' dir='ltr'>patre</span> <span class='ocrx_word' id='word_1_142' title='bbox 772 2146 814 2211; x_wconf 89' lang='lat' dir='ltr'>in</span> <span class='ocrx_word' id='word_1_143' title='bbox 848 2147 1000 2211; x_wconf 92' lang='lat' dir='ltr'>nomine</span> <span class='ocrx_word' id='word_1_144' title='bbox 1040 2145 1126 2210; x_wconf 88' lang='lat' dir='ltr'>eius</span> <span class='ocrx_word' id='word_1_145' title='bbox 1165 2145 1276 2210; x_wconf 81' lang='lat' dir='ltr'>debit</span> <span class='ocrx_word' id='word_1_146' title='bbox 1310 2145 1476 2222; x_wconf 64' lang='lat' dir='ltr'>nobisne</span> 
     </span>
     <span class='ocr_line' id='line_1_17' title="bbox 303 2247 1438 2333; baseline 0.002 -22"><span class='ocrx_word' id='word_1_147' title='bbox 303 2251 420 2330; x_wconf 85' lang='lat' dir='ltr'>quanto</span> <span class='ocrx_word' id='word_1_148' title='bbox 448 2247 603 2314; x_wconf 78' lang='lat' dir='ltr'>efficacius</span> <span class='ocrx_word' id='word_1_149' title='bbox 628 2249 834 2331; x_wconf 88' lang='lat' dir='ltr'>impetremus</span> <span class='ocrx_word' id='word_1_150' title='bbox 855 2249 937 2331; x_wconf 91' lang='lat' dir='ltr'>quod</span> <span class='ocrx_word' id='word_1_151' title='bbox 959 2249 1095 2333; x_wconf 88' lang='lat' dir='ltr'>petimus</span> <span class='ocrx_word' id='word_1_152' title='bbox 1111 2247 1229 2316; x_wconf 87' lang='lat' dir='ltr'>Christi</span> <span class='ocrx_word' id='word_1_153' title='bbox 1252 2248 1386 2328; x_wconf 91' lang='lat' dir='ltr'>nomine,</span> <span class='ocrx_word' id='word_1_154' title='bbox 1410 2249 1438 2314; x_wconf 91' lang='lat' dir='ltr'>si</span> 
     </span>
     <span class='ocr_line' id='line_1_18' title="bbox 304 2353 735 2436; baseline -0.005 -18"><span class='ocrx_word' id='word_1_155' title='bbox 304 2355 447 2434; x_wconf 89' lang='lat' dir='ltr'>petamus</span> <span class='ocrx_word' id='word_1_156' title='bbox 463 2353 560 2436; x_wconf 92' lang='lat' dir='ltr'>ipsius</span> <span class='ocrx_word' id='word_1_157' title='bbox 575 2353 735 2418; x_wconf 78' lang='lat' dir='ltr'>oratione?</span> 
     </span>
    </p>

    <p class='ocr_par' dir='ltr' id='par_1_9' title="bbox 270 2453 1525 3682">
     <span class='ocr_line' id='line_1_19' title="bbox 270 2453 1525 2542; baseline 0.001 -19"><span class='ocrx_word' id='word_1_158' title='bbox 270 2463 292 2523; x_wconf 78' lang='lat' dir='ltr'>-l</span> <span class='ocrx_word' id='word_1_159' title='bbox 348 2453 397 2521; x_wconf 89' lang='lat' dir='ltr'>Sit</span> <span class='ocrx_word' id='word_1_160' title='bbox 412 2458 517 2522; x_wconf 88' lang='lat' dir='ltr'>autem</span> <span class='ocrx_word' id='word_1_161' title='bbox 533 2458 693 2522; x_wconf 85' lang='lat' dir='ltr'>orantibus</span> <span class='ocrx_word' id='word_1_162' title='bbox 708 2475 807 2523; x_wconf 89' lang='lat' dir='ltr'>sermo</span> <span class='ocrx_word' id='word_1_163' title='bbox 823 2459 855 2524; x_wconf 93' lang='lat' dir='ltr'>et</span> <span class='ocrx_word' id='word_1_164' title='bbox 869 2459 1004 2541; x_wconf 88' lang='lat' dir='ltr'>precatio</span> <span class='ocrx_word' id='word_1_165' title='bbox 1020 2478 1092 2525; x_wconf 89' lang='lat' dir='ltr'>cum</span> <span class='ocrx_word' id='word_1_166' title='bbox 1113 2458 1280 2542; x_wconf 79' lang='lat' dir='ltr'>disciplina</span> <span class='ocrx_word' id='word_1_167' title='bbox 1301 2459 1439 2542; x_wconf 86' lang='lat' dir='ltr'>quietem</span> <span class='ocrx_word' id='word_1_168' title='bbox 1521 2459 1525 2462; x_wconf 78' lang='grc'><strong>’</strong></span> 
     </span>
     <span class='ocr_line' id='line_1_20' title="bbox 304 2559 1438 2648; baseline -0.001 -22"><span class='ocrx_word' id='word_1_169' title='bbox 304 2563 464 2626; x_wconf 87' lang='lat' dir='ltr'>continens</span> <span class='ocrx_word' id='word_1_170' title='bbox 480 2564 511 2627; x_wconf 89' lang='lat' dir='ltr'>et</span> <span class='ocrx_word' id='word_1_171' title='bbox 526 2563 684 2644; x_wconf 89' lang='lat' dir='ltr'>pudorem.</span> <span class='ocrx_word' id='word_1_172' title='bbox 709 2559 882 2648; x_wconf 79' lang='lat' dir='ltr'>cogitemus</span> <span class='ocrx_word' id='word_1_173' title='bbox 906 2582 963 2629; x_wconf 90' lang='lat' dir='ltr'>uos</span> <span class='ocrx_word' id='word_1_174' title='bbox 988 2563 1046 2629; x_wconf 92' lang='lat' dir='ltr'>sub</span> <span class='ocrx_word' id='word_1_175' title='bbox 1072 2563 1237 2645; x_wconf 85' lang='lat' dir='ltr'>conspectu</span> <span class='ocrx_word' id='word_1_176' title='bbox 1262 2562 1321 2628; x_wconf 88' lang='lat' dir='ltr'>Dei</span> <span class='ocrx_word' id='word_1_177' title='bbox 1346 2564 1438 2626; x_wconf 87' lang='lat' dir='ltr'>stare.</span> 
     </span>
     <span class='ocr_line' id='line_1_21' title="bbox 303 2664 1475 2750; baseline -0.002 -21"><span class='ocrx_word' id='word_1_178' title='bbox 303 2664 489 2747; x_wconf 88' lang='lat' dir='ltr'>placendum</span> <span class='ocrx_word' id='word_1_179' title='bbox 515 2667 563 2731; x_wconf 86' lang='lat' dir='ltr'>est</span> <span class='ocrx_word' id='word_1_180' title='bbox 589 2667 705 2731; x_wconf 84' lang='lat' dir='ltr'>diuinis</span> <span class='ocrx_word' id='word_1_181' title='bbox 732 2667 830 2732; x_wconf 90' lang='lat' dir='ltr'>oculis</span> <span class='ocrx_word' id='word_1_182' title='bbox 855 2669 887 2733; x_wconf 91' lang='lat' dir='ltr'>et</span> <span class='ocrx_word' id='word_1_183' title='bbox 912 2667 1022 2732; x_wconf 87' lang='lat' dir='ltr'>habitu</span> <span class='ocrx_word' id='word_1_184' title='bbox 1037 2669 1171 2750; x_wconf 86' lang='lat' dir='ltr'>corporis</span> <span class='ocrx_word' id='word_1_185' title='bbox 1187 2671 1220 2734; x_wconf 90' lang='lat' dir='ltr'>ot</span> <span class='ocrx_word' id='word_1_186' title='bbox 1233 2667 1326 2733; x_wconf 88' lang='lat' dir='ltr'>modo</span> <span class='ocrx_word' id='word_1_187' title='bbox 1340 2664 1475 2730; x_wconf 62' lang='lat' dir='ltr'>occisso</span> 
     </span>
     <span class='ocr_line' id='line_1_22' title="bbox 304 2768 1440 2854; baseline 0.002 -22"><span class='ocrx_word' id='word_1_188' title='bbox 304 2787 377 2833; x_wconf 88' lang='lat' dir='ltr'>nam</span> <span class='ocrx_word' id='word_1_189' title='bbox 405 2771 440 2832; x_wconf 93' lang='lat' dir='ltr'>ut</span> <span class='ocrx_word' id='word_1_190' title='bbox 467 2768 645 2852; x_wconf 87' lang='lat' dir='ltr'>inpudentis</span> <span class='ocrx_word' id='word_1_191' title='bbox 672 2773 719 2836; x_wconf 87' lang='lat' dir='ltr'>ost</span> <span class='ocrx_word' id='word_1_192' title='bbox 734 2771 923 2836; x_wconf 88' lang='lat' dir='ltr'>clamoribus</span> <span class='ocrx_word' id='word_1_193' title='bbox 938 2773 1090 2854; x_wconf 84' lang='lat' dir='ltr'>strepere,</span> <span class='ocrx_word' id='word_1_194' title='bbox 1113 2771 1160 2836; x_wconf 85' lang='lat' dir='ltr'>ita</span> <span class='ocrx_word' id='word_1_195' title='bbox 1173 2773 1281 2838; x_wconf 89' lang='lat' dir='ltr'>contra</span> <span class='ocrx_word' id='word_1_196' title='bbox 1295 2768 1440 2853; x_wconf 84' lang='lat' dir='ltr'>congruit</span> 
     </span>
     <span class='ocr_line' id='line_1_23' title="bbox 306 2873 1439 2960; baseline 0.002 -24"><span class='ocrx_word' id='word_1_197' title='bbox 306 2873 476 2937; x_wconf 88' lang='lat' dir='ltr'>uerecundo</span> <span class='ocrx_word' id='word_1_198' title='bbox 492 2873 641 2939; x_wconf 86' lang='lat' dir='ltr'>modestis</span> <span class='ocrx_word' id='word_1_199' title='bbox 656 2875 798 2957; x_wconf 84' lang='lat' dir='ltr'>precibus</span> <span class='ocrx_word' id='word_1_200' title='bbox 821 2895 915 2942; x_wconf 90' lang='lat' dir='ltr'>orare.</span> <span class='ocrx_word' id='word_1_201' title='bbox 940 2876 1070 2958; x_wconf 86' lang='lat' dir='ltr'>denique</span> <span class='ocrx_word' id='word_1_202' title='bbox 1092 2875 1273 2960; x_wconf 86' lang='lat' dir='ltr'>magisterio</span> <span class='ocrx_word' id='word_1_203' title='bbox 1296 2891 1351 2938; x_wconf 91' lang='lat' dir='ltr'>suo</span> <span class='ocrx_word' id='word_1_204' title='bbox 1373 2873 1439 2938; x_wconf 92' lang='lat' dir='ltr'>Do·</span> 
     </span>
     <span class='ocr_line' id='line_1_24' title="bbox 305 2975 1440 3062; baseline 0.001 -23"><span class='ocrx_word' id='word_1_205' title='bbox 305 2975 409 3040; x_wconf 88' lang='lat' dir='ltr'>minus</span> <span class='ocrx_word' id='word_1_206' title='bbox 425 2979 540 3042; x_wconf 89' lang='lat' dir='ltr'>secrete</span> <span class='ocrx_word' id='word_1_207' title='bbox 555 2995 642 3043; x_wconf 84' lang='lat' dir='ltr'>orare</span> <span class='ocrx_word' id='word_1_208' title='bbox 657 2996 711 3043; x_wconf 89' lang='lat' dir='ltr'>nos</span> <span class='ocrx_word' id='word_1_209' title='bbox 726 2979 894 3062; x_wconf 85' lang='lat' dir='ltr'>praecepit,</span> <span class='ocrx_word' id='word_1_210' title='bbox 913 2979 945 3043; x_wconf 94' lang='lat' dir='ltr'>in</span> <span class='ocrx_word' id='word_1_211' title='bbox 961 2979 1077 3043; x_wconf 87' lang='lat' dir='ltr'>abditis</span> <span class='ocrx_word' id='word_1_212' title='bbox 1094 2979 1126 3043; x_wconf 90' lang='lat' dir='ltr'>et</span> <span class='ocrx_word' id='word_1_213' title='bbox 1140 2977 1270 3044; x_wconf 90' lang='lat' dir='ltr'>semotis</span> <span class='ocrx_word' id='word_1_214' title='bbox 1284 2977 1377 3055; x_wconf 90' lang='lat' dir='ltr'>locis,</span> <span class='ocrx_word' id='word_1_215' title='bbox 1405 2975 1440 3040; x_wconf 93' lang='lat' dir='ltr'>in</span> 
     </span>
     <span class='ocr_line' id='line_1_25' title="bbox 301 3079 1439 3167; baseline 0.001 -25"><span class='ocrx_word' id='word_1_216' title='bbox 301 3079 458 3144; x_wconf 87' lang='lat' dir='ltr'>cubiculis</span> <span class='ocrx_word' id='word_1_217' title='bbox 474 3081 565 3163; x_wconf 91' lang='lat' dir='ltr'>ipsis,</span> <span class='ocrx_word' id='word_1_218' title='bbox 589 3081 671 3163; x_wconf 90' lang='lat' dir='ltr'>quod</span> <span class='ocrx_word' id='word_1_219' title='bbox 697 3083 799 3167; x_wconf 85' lang='lat' dir='ltr'>magis</span> <span class='ocrx_word' id='word_1_220' title='bbox 826 3083 971 3147; x_wconf 88' lang='lat' dir='ltr'>conuenit</span> <span class='ocrx_word' id='word_1_221' title='bbox 997 3081 1085 3160; x_wconf 86' lang='lat' dir='ltr'>fidei,</span> <span class='ocrx_word' id='word_1_222' title='bbox 1109 3083 1146 3147; x_wconf 89' lang='lat' dir='ltr'>ut</span> <span class='ocrx_word' id='word_1_223' title='bbox 1173 3081 1309 3146; x_wconf 89' lang='lat' dir='ltr'>sciamus</span> <span class='ocrx_word' id='word_1_224' title='bbox 1335 3080 1439 3144; x_wconf 88' lang='lat' dir='ltr'>Deum</span> 
     </span>
     <span class='ocr_line' id='line_1_26' title="bbox 304 3181 1478 3266; baseline 0.001 -21"><span class='ocrx_word' id='word_1_225' title='bbox 304 3181 420 3264; x_wconf 89' lang='lat' dir='ltr'>ubique</span> <span class='ocrx_word' id='word_1_226' title='bbox 436 3201 499 3248; x_wconf 89' lang='lat' dir='ltr'>esso</span> <span class='ocrx_word' id='word_1_227' title='bbox 515 3187 723 3266; x_wconf 85' lang='lat' dir='ltr'>praesentem,</span> <span class='ocrx_word' id='word_1_228' title='bbox 747 3185 854 3249; x_wconf 87' lang='lat' dir='ltr'>audire</span> <span class='ocrx_word' id='word_1_229' title='bbox 884 3203 990 3251; x_wconf 88' lang='lat' dir='ltr'>omnes</span> <span class='ocrx_word' id='word_1_230' title='bbox 1017 3187 1049 3250; x_wconf 89' lang='lat' dir='ltr'>at</span> <span class='ocrx_word' id='word_1_231' title='bbox 1074 3186 1181 3250; x_wconf 90' lang='lat' dir='ltr'>uidere</span> <span class='ocrx_word' id='word_1_232' title='bbox 1206 3184 1239 3249; x_wconf 90' lang='lat' dir='ltr'>ot</span> <span class='ocrx_word' id='word_1_233' title='bbox 1263 3182 1440 3248; x_wconf 82' lang='lat' dir='ltr'>maiestatis</span> <span class='ocrx_word' id='word_1_234' title='bbox 1450 3205 1478 3246; x_wconf 77' lang='lat' dir='ltr'>oa</span> 
     </span>
     <span class='ocr_line' id='line_1_27' title="bbox 301 3285 1441 3372; baseline -0.001 -22"><span class='ocrx_word' id='word_1_235' title='bbox 301 3303 380 3352; x_wconf 88' lang='lat' dir='ltr'>suas</span> <span class='ocrx_word' id='word_1_236' title='bbox 405 3287 597 3369; x_wconf 86' lang='lat' dir='ltr'>plenitudino</span> <span class='ocrx_word' id='word_1_237' title='bbox 624 3289 657 3353; x_wconf 90' lang='lat' dir='ltr'>in</span> <span class='ocrx_word' id='word_1_238' title='bbox 683 3288 791 3354; x_wconf 88' lang='lat' dir='ltr'>abdita</span> <span class='ocrx_word' id='word_1_239' title='bbox 817 3306 937 3371; x_wconf 88' lang='lat' dir='ltr'>quoque</span> <span class='ocrx_word' id='word_1_240' title='bbox 961 3291 994 3354; x_wconf 90' lang='lat' dir='ltr'>et</span> <span class='ocrx_word' id='word_1_241' title='bbox 1019 3289 1140 3356; x_wconf 88' lang='lat' dir='ltr'>occulta</span> <span class='ocrx_word' id='word_1_242' title='bbox 1160 3290 1334 3372; x_wconf 83' lang='lat' dir='ltr'>penetrare,</span> <span class='ocrx_word' id='word_1_243' title='bbox 1357 3285 1441 3350; x_wconf 89' lang='lat' dir='ltr'>sicut</span> 
     </span>
     <span class='ocr_line' id='line_1_28' title="bbox 302 3387 1441 3476; baseline -0.001 -23"><span class='ocrx_word' id='word_1_244' title='bbox 302 3389 456 3471; x_wconf 87' lang='lat' dir='ltr'>scriptum</span> <span class='ocrx_word' id='word_1_245' title='bbox 483 3391 546 3455; x_wconf 89' lang='lat' dir='ltr'>est:</span> <span class='ocrx_word' id='word_1_246' title='bbox 581 3409 649 3475; x_wconf 87' lang='lat' dir='ltr'>ogo</span> <span class='ocrx_word' id='word_1_247' title='bbox 679 3392 782 3457; x_wconf 88' lang='lat' dir='ltr'>Deus</span> <span class='ocrx_word' id='word_1_248' title='bbox 811 3393 1086 3476; x_wconf 80' lang='lat' dir='ltr'>adproximare</span> <span class='ocrx_word' id='word_1_249' title='bbox 1114 3395 1152 3458; x_wconf 89' lang='lat' dir='ltr'>ot</span> <span class='ocrx_word' id='word_1_250' title='bbox 1178 3412 1252 3459; x_wconf 92' lang='lat' dir='ltr'>non</span> <span class='ocrx_word' id='word_1_251' title='bbox 1273 3392 1373 3457; x_wconf 91' lang='lat' dir='ltr'>Deus</span> <span class='ocrx_word' id='word_1_252' title='bbox 1394 3387 1441 3453; x_wconf 87' lang='lat' dir='ltr'>de</span> 
     </span>
     <span class='ocr_line' id='line_1_29' title="bbox 304 3493 1441 3578; baseline 0.001 -21"><span class='ocrx_word' id='word_1_253' title='bbox 304 3493 532 3578; x_wconf 89' lang='lat' dir='ltr'>longinquo.</span> <span class='ocrx_word' id='word_1_254' title='bbox 567 3495 599 3560; x_wconf 90' lang='lat' dir='ltr'>si</span> <span class='ocrx_word' id='word_1_255' title='bbox 622 3494 881 3562; x_wconf 85' lang='lat' dir='ltr'>absconditus</span> <span class='ocrx_word' id='word_1_256' title='bbox 914 3497 1037 3563; x_wconf 84' lang='lat' dir='ltr'>inerit</span> <span class='ocrx_word' id='word_1_257' title='bbox 1069 3497 1177 3562; x_wconf 89' lang='lat' dir='ltr'>homo</span> <span class='ocrx_word' id='word_1_258' title='bbox 1211 3496 1251 3560; x_wconf 96' lang='lat' dir='ltr'>in</span> <span class='ocrx_word' id='word_1_259' title='bbox 1283 3495 1441 3560; x_wconf 87' lang='lat' dir='ltr'>abscon·</span> 
     </span>
     <span class='ocr_line' id='line_1_30' title="bbox 301 3595 1441 3682; baseline 0.001 -22"><span class='ocrx_word' id='word_1_260' title='bbox 301 3595 417 3674; x_wconf 90' lang='lat' dir='ltr'>ditis,</span> <span class='ocrx_word' id='word_1_261' title='bbox 454 3615 523 3680; x_wconf 86' lang='lat' dir='ltr'>ego</span> <span class='ocrx_word' id='word_1_262' title='bbox 545 3616 637 3682; x_wconf 85' lang='lat' dir='ltr'>ergo</span> <span class='ocrx_word' id='word_1_263' title='bbox 659 3617 731 3664; x_wconf 92' lang='lat' dir='ltr'>non</span> <span class='ocrx_word' id='word_1_264' title='bbox 755 3600 895 3666; x_wconf 91' lang='lat' dir='ltr'>uidebo</span> <span class='ocrx_word' id='word_1_265' title='bbox 923 3604 1028 3667; x_wconf 76' lang='lat' dir='ltr'>eum?</span> <span class='ocrx_word' id='word_1_266' title='bbox 1062 3619 1185 3667; x_wconf 88' lang='lat' dir='ltr'>nonno</span> <span class='ocrx_word' id='word_1_267' title='bbox 1219 3598 1368 3665; x_wconf 89' lang='lat' dir='ltr'>eaelum</span> <span class='ocrx_word' id='word_1_268' title='bbox 1400 3599 1441 3662; x_wconf 91' lang='lat' dir='ltr'>et</span> 
     </span>
    </p>

    <p class='ocr_par' dir='ltr' id='par_1_10' title="bbox 212 3700 1478 3792">
     <span class='ocr_line' id='line_1_31' title="bbox 212 3700 1478 3792; baseline -0.001 -27"><span class='ocrx_word' id='word_1_269' title='bbox 212 3773 216 3792; x_wconf 36' lang='grc' dir='ltr'><strong><em>ι</em></strong></span> <span class='ocrx_word' id='word_1_270' title='bbox 304 3701 453 3766; x_wconf 87' lang='lat' dir='ltr'>terram</span> <span class='ocrx_word' id='word_1_271' title='bbox 476 3721 544 3786; x_wconf 83' lang='lat' dir='ltr'>ogo</span> <span class='ocrx_word' id='word_1_272' title='bbox 567 3703 717 3786; x_wconf 82' lang='lat' dir='ltr'>inploo?</span> <span class='ocrx_word' id='word_1_273' title='bbox 740 3706 771 3770; x_wconf 91' lang='lat' dir='ltr'>et</span> <span class='ocrx_word' id='word_1_274' title='bbox 796 3706 925 3770; x_wconf 87' lang='lat' dir='ltr'>iterum:</span> <span class='ocrx_word' id='word_1_275' title='bbox 955 3706 993 3771; x_wconf 97' lang='lat' dir='ltr'>in</span> <span class='ocrx_word' id='word_1_276' title='bbox 1016 3705 1117 3772; x_wconf 93' lang='lat' dir='ltr'>omni</span> <span class='ocrx_word' id='word_1_277' title='bbox 1139 3704 1225 3769; x_wconf 90' lang='lat' dir='ltr'>loco</span> <span class='ocrx_word' id='word_1_278' title='bbox 1247 3701 1352 3768; x_wconf 88' lang='lat' dir='ltr'>oculi</span> <span class='ocrx_word' id='word_1_279' title='bbox 1368 3700 1478 3765; x_wconf 79' lang='lat' dir='ltr'>Deiao</span> 
     </span>
    </p>
   </div>
   <div class='ocr_carea' id='block_1_3' title="bbox 300 3872 1437 4024">
    <p class='ocr_par' dir='ltr' id='par_1_11' title="bbox 300 3872 1437 4024">
     <span class='ocr_line' id='line_1_32' title="bbox 300 3872 1437 4011; baseline 0 -88"><span class='ocrx_word' id='word_1_280' title='bbox 300 3955 373 4011; x_wconf 49' lang='grc' dir='ltr'>3οΡ</span> <span class='ocrx_word' id='word_1_281' title='bbox 407 3872 669 3944; x_wconf 61' lang='lat' dir='ltr'>sustentetur.</span> <span class='ocrx_word' id='word_1_282' title='bbox 684 3877 763 3932; x_wconf 86' lang='lat' dir='ltr'>hlarc.</span> <span class='ocrx_word' id='word_1_283' title='bbox 778 3877 860 3944; x_wconf 82' lang='grc'><strong>7,8.).</strong></span> <span class='ocrx_word' id='word_1_284' title='bbox 921 3875 1110 3940; x_wconf 76' lang='lat'>1410.16,23.</span> <span class='ocrx_word' id='word_1_285' title='bbox 1169 3874 1203 3929; x_wconf 73' lang='lat'>27</span> <span class='ocrx_word' id='word_1_286' title='bbox 1215 3874 1291 3928; x_wconf 86' lang='lat' dir='ltr'>Hier.</span> <span class='ocrx_word' id='word_1_287' title='bbox 1300 3872 1437 3939; x_wconf 68' lang='lat' dir='ltr'>23,23sq.</span> 
     </span>
     <span class='ocr_line' id='line_1_33' title="bbox 303 3959 515 4024; baseline 0.024 -15"><span class='ocrx_word' id='word_1_288' title='bbox 303 3959 311 3976; x_wconf 85' lang='lat'><strong>⁴</strong></span> <span class='ocrx_word' id='word_1_289' title='bbox 375 3973 428 4012; x_wconf 88' lang='lat' dir='ltr'>rou.</span> <span class='ocrx_word' id='word_1_290' title='bbox 441 3960 482 4024; x_wconf 83' lang='lat'>15,</span> <span class='ocrx_word' id='word_1_291' title='bbox 491 3961 515 4016; x_wconf 86' lang='lat'>3.</span> 
     </span>
    </p>
   </div>
   <div class='ocr_carea' id='block_1_4' title="bbox 217 4079 1440 4596">
    <p class='ocr_par' dir='ltr' id='par_1_12' title="bbox 358 4079 1439 4172">
     <span class='ocr_line' id='line_1_34' title="bbox 358 4079 1439 4172; baseline 0.003 -22"><span class='ocrx_word' id='word_1_292' title='bbox 358 4099 372 4151; x_wconf 93' lang='lat' dir='ltr'>l</span> <span class='ocrx_word' id='word_1_293' title='bbox 391 4097 542 4166; x_wconf 86' lang='lat' dir='ltr'>specialiter</span> <span class='ocrx_word' id='word_1_294' title='bbox 558 4101 583 4154; x_wconf 82' lang='lat' dir='ltr'><em>G</em></span> <span class='ocrx_word' id='word_1_295' title='bbox 661 4101 792 4170; x_wconf 84' lang='lat' dir='ltr'>spiritalis</span> <span class='ocrx_word' id='word_1_296' title='bbox 805 4119 863 4156; x_wconf 86' lang='lat' dir='ltr'>esse</span> <span class='ocrx_word' id='word_1_297' title='bbox 876 4103 925 4164; x_wconf 90' lang='lat' dir='ltr'>W,</span> <span class='ocrx_word' id='word_1_298' title='bbox 949 4118 1006 4156; x_wconf 88' lang='lat' dir='ltr'>osse</span> <span class='ocrx_word' id='word_1_299' title='bbox 1018 4102 1106 4172; x_wconf 79' lang='lat' dir='ltr'>magis</span> <span class='ocrx_word' id='word_1_300' title='bbox 1119 4100 1252 4171; x_wconf 83' lang='lat' dir='ltr'>spiritalis</span> <span class='ocrx_word' id='word_1_301' title='bbox 1264 4117 1282 4155; x_wconf 82' lang='lat' dir='ltr'>c</span> <span class='ocrx_word' id='word_1_302' title='bbox 1365 4096 1382 4151; x_wconf 85' lang='lat'>3</span> <span class='ocrx_word' id='word_1_303' title='bbox 1394 4079 1439 4153; x_wconf 53' lang='grc' dir='ltr'><strong><em>ὦ</em></strong></span> 
     </span>
    </p>

    <p class='ocr_par' dir='ltr' id='par_1_13' title="bbox 217 4185 1440 4596">
     <span class='ocr_line' id='line_1_35' title="bbox 217 4185 1439 4260; baseline -0.001 -20"><span class='ocrx_word' id='word_1_304' title='bbox 217 4245 225 4260; x_wconf 48' lang='lat'><strong>·</strong></span> <span class='ocrx_word' id='word_1_305' title='bbox 301 4185 392 4256; x_wconf 82' lang='lat' dir='ltr'>spsG</span> <span class='ocrx_word' id='word_1_306' title='bbox 462 4189 577 4240; x_wconf 84' lang='lat' dir='ltr'>uuraest</span> <span class='ocrx_word' id='word_1_307' title='bbox 594 4187 631 4250; x_wconf 84' lang='lat' dir='ltr'>G,</span> <span class='ocrx_word' id='word_1_308' title='bbox 651 4189 843 4258; x_wconf 83' lang='lat' dir='ltr'>ueramagiso</span> <span class='ocrx_word' id='word_1_309' title='bbox 923 4189 1003 4243; x_wconf 71' lang='lat' dir='ltr'>iore</span> <span class='ocrx_word' id='word_1_310' title='bbox 1016 4188 1069 4251; x_wconf 90' lang='lat' dir='ltr'>W,</span> <span class='ocrx_word' id='word_1_311' title='bbox 1089 4187 1210 4257; x_wconf 81' lang='lat' dir='ltr'>opereG</span> <span class='ocrx_word' id='word_1_312' title='bbox 1279 4185 1439 4241; x_wconf 87' lang='lat' dir='ltr'>8dominus</span> 
     </span>
     <span class='ocr_line' id='line_1_36' title="bbox 305 4271 1440 4344; baseline -0.001 -17"><span class='ocrx_word' id='word_1_313' title='bbox 305 4271 463 4344; x_wconf 81' lang='lat' dir='ltr'>Krohc&#39;nper</span> <span class='ocrx_word' id='word_1_314' title='bbox 515 4272 687 4328; x_wconf 89' lang='lat' dir='ltr'>9dominum</span> <span class='ocrx_word' id='word_1_315' title='bbox 700 4274 726 4328; x_wconf 85' lang='lat' dir='ltr'><strong><em>V</em></strong></span> <span class='ocrx_word' id='word_1_316' title='bbox 774 4274 901 4329; x_wconf 81' lang='lat' dir='ltr'>eiuscius</span> <span class='ocrx_word' id='word_1_317' title='bbox 919 4273 956 4328; x_wconf 86' lang='lat' dir='ltr'>G¹</span> <span class='ocrx_word' id='word_1_318' title='bbox 1010 4274 1044 4328; x_wconf 85' lang='lat'>10</span> <span class='ocrx_word' id='word_1_319' title='bbox 1060 4273 1206 4329; x_wconf 74' lang='lat' dir='ltr'>orationes</span> <span class='ocrx_word' id='word_1_320' title='bbox 1269 4273 1392 4342; x_wconf 81' lang='lat' dir='ltr'>agnoscit</span> <span class='ocrx_word' id='word_1_321' title='bbox 1405 4287 1440 4326; x_wconf 76' lang='lat' dir='ltr'>coc</span> 
     </span>
     <span class='ocr_line' id='line_1_37' title="bbox 302 4359 1386 4430; baseline 0 -17"><span class='ocrx_word' id='word_1_322' title='bbox 302 4362 433 4429; x_wconf 77' lang='lat' dir='ltr'>agnoscat</span> <span class='ocrx_word' id='word_1_323' title='bbox 449 4359 550 4416; x_wconf 64' lang='lat' dir='ltr'>GM</span> <span class='ocrx_word' id='word_1_324' title='bbox 637 4362 671 4415; x_wconf 88' lang='grc'>16</span> <span class='ocrx_word' id='word_1_325' title='bbox 689 4359 885 4430; x_wconf 87' lang='lat' dir='ltr'>inpetrabimus</span> <span class='ocrx_word' id='word_1_326' title='bbox 897 4377 949 4415; x_wconf 84' lang='lat' dir='ltr'>rec.</span> <span class='ocrx_word' id='word_1_327' title='bbox 964 4360 1128 4430; x_wconf 78' lang='lat' dir='ltr'>Krahinper</span> <span class='ocrx_word' id='word_1_328' title='bbox 1214 4360 1243 4414; x_wconf 91' lang='lat' dir='ltr'>in</span> <span class='ocrx_word' id='word_1_329' title='bbox 1261 4359 1386 4414; x_wconf 83' lang='lat' dir='ltr'>christis</span> 
     </span>
     <span class='ocr_line' id='line_1_38' title="bbox 302 4442 1437 4511; baseline -0.001 -13"><span class='ocrx_word' id='word_1_330' title='bbox 302 4443 339 4498; x_wconf 78' lang='lat'>20</span> <span class='ocrx_word' id='word_1_331' title='bbox 356 4444 435 4500; x_wconf 89' lang='lat' dir='ltr'>modu</span> <span class='ocrx_word' id='word_1_332' title='bbox 453 4447 486 4498; x_wconf 87' lang='lat' dir='ltr'><em>W</em></span> <span class='ocrx_word' id='word_1_333' title='bbox 534 4446 568 4499; x_wconf 78' lang='lat'>21</span> <span class='ocrx_word' id='word_1_334' title='bbox 587 4449 680 4500; x_wconf 86' lang='lat' dir='ltr'>contra</span> <span class='ocrx_word' id='word_1_335' title='bbox 695 4446 787 4500; x_wconf 79' lang='lat' dir='ltr'>Wsl.</span> <span class='ocrx_word' id='word_1_336' title='bbox 800 4446 1041 4511; x_wconf 77' lang='lat' dir='ltr'>m.2,ccontraG</span> <span class='ocrx_word' id='word_1_337' title='bbox 1092 4447 1126 4501; x_wconf 56' lang='lat' dir='ltr'>dd</span> <span class='ocrx_word' id='word_1_338' title='bbox 1144 4448 1273 4501; x_wconf 81' lang='lat' dir='ltr'>secretos</span> <span class='ocrx_word' id='word_1_339' title='bbox 1326 4442 1437 4499; x_wconf 84' lang='lat' dir='ltr'>semotis</span> 
     </span>
     <span class='ocr_line' id='line_1_39' title="bbox 305 4531 1026 4596; baseline 0.001 -10"><span class='ocrx_word' id='word_1_340' title='bbox 305 4531 346 4596; x_wconf 81' lang='lat' dir='ltr'>G,</span> <span class='ocrx_word' id='word_1_341' title='bbox 364 4533 472 4588; x_wconf 86' lang='lat' dir='ltr'>secretis</span> <span class='ocrx_word' id='word_1_342' title='bbox 489 4533 528 4587; x_wconf 89' lang='lat' dir='ltr'><strong><em>W</em></strong></span> <span class='ocrx_word' id='word_1_343' title='bbox 578 4533 612 4586; x_wconf 76' lang='lat'>26</span> <span class='ocrx_word' id='word_1_344' title='bbox 630 4531 763 4586; x_wconf 67' lang='lat' dir='ltr'>inornati</span> <span class='ocrx_word' id='word_1_345' title='bbox 815 4533 848 4586; x_wconf 72' lang='lat'>‘27</span> <span class='ocrx_word' id='word_1_346' title='bbox 867 4537 908 4586; x_wconf 88' lang='lat' dir='ltr'>cst</span> <span class='ocrx_word' id='word_1_347' title='bbox 921 4550 971 4587; x_wconf 88' lang='lat' dir='ltr'>om.</span> <span class='ocrx_word' id='word_1_348' title='bbox 989 4533 1026 4587; x_wconf 88' lang='lat' dir='ltr'><em>W</em></span> 
     </span>
    </p>
   </div>
   <div class='ocr_carea' id='block_1_5' title="bbox 312 4166 354 4185">
    <p class='ocr_par' dir='ltr' id='par_1_14' title="bbox 312 4166 354 4185">
     <span class='ocr_line' id='line_1_40' title="bbox 312 4166 354 4185; baseline 0 0"><span class='ocrx_word' id='word_1_349' title='bbox 312 4166 354 4185; x_wconf 67' lang='grc' dir='ltr'><em>Ν</em></span> 
     </span>
    </p>
   </div>
   <div class='ocr_carea' id='block_1_6' title="bbox 0 0 1626 5159">
    <p class='ocr_par' dir='ltr' id='par_1_15' title="bbox 0 0 1626 5159">
     <span class='ocr_line' id='line_1_41' title="bbox 0 0 1626 5159; baseline 0 0"><span class='ocrx_word' id='word_1_350' title='bbox 0 0 1626 5159; x_wconf 95' lang='lat' dir='ltr'> </span> 
     </span>
    </p>
   </div>
  </div>
 </body>
</html>
