3242 5159
349 520 412 587 628
748 519 891 576 Caecilii
909 519 1073 590 Cypriani

348 677 382 740 et
395 675 572 742 noluntetee
584 679 619 742 et
631 677 833 742 necessitates
854 676 1061 761 singulorum,
1085 678 1255 744 secuudum
1278 681 1367 762 quod
1384 681 1509 746 libello

348 780 523 845 continetur
549 797 644 863 quem
671 780 712 849 ad
733 782 765 845 te
785 779 1119 863 pacemneeonfioc,
1147 783 1202 848 ubi
1230 784 1362 868 singula
1393 785 1507 869 placi-
1594 839 1595 844 ,

347 885 451 950 torum
465 885 569 966 capite
581 884 756 968 conscripta
769 885 850 949 sunt.
873 903 910 950 ac
925 885 952 948 si
967 885 1073 950 minus
1086 885 1244 952 sufficiens
1268 889 1503 972 episcoporum

346 987 380 1052 in
393 986 503 1052 Adice
515 1005 663 1054 nummus
677 987 854 1066 uidebatur,
870 988 966 1053 etiam
981 988 1115 1055 Romam
1129 993 1294 1073 superbae
1308 1011 1344 1056 re
1359 993 1501 1074 scripsi-

346 1109 417 1155 mus
442 1091 482 1156 ad
504 1088 681 1156 Cornelium
708 1091 862 1176 collegam
889 1093 1041 1171 coebum,
1069 1093 1124 1175 qui
1146 1094 1265 1176 etipse
1287 1114 1363 1161 cum
1387 1097 1523 1178 pluri-s

345 1194 407 1259 mis
423 1193 610 1277 coepiscopis
631 1193 739 1260 habito
760 1194 891 1259 concilio
907 1195 940 1260 in
955 1197 1085 1262 eundem
1107 1197 1269 1263 nobiscum
1292 1200 1498 1266 sententiam

344 1297 413 1381 pari
435 1297 592 1382 grauitate
612 1297 645 1362 st
666 1297 785 1364 salubri
806 1297 1018 1364 moderatione
1038 1301 1203 1366 consensit.

315 1393 334 1457 1
386 1401 434 1465 De
456 1418 516 1483 quo
542 1399 604 1465 tibi
631 1418 755 1466 necesse
780 1419 863 1466 nunc
891 1400 954 1466 luit
982 1403 1125 1480 scribere,
1157 1405 1194 1468 ut
1216 1406 1296 1470 scias
1323 1425 1379 1471 me
1407 1408 1498 1472 nibil

344 1504 459 1569 leuiter
485 1504 595 1589 egisse,
623 1506 678 1570 sed
706 1505 875 1570 secundum
905 1507 987 1588 quod
1014 1506 1131 1572 litteris
1159 1509 1237 1573 meis
1265 1507 1391 1574 fueram
1416 1513 1493 1576 unte

344 1607 518 1689 conplexus,
545 1606 650 1673 omnia
670 1607 711 1674 ad
733 1625 896 1675 commuue
919 1609 1043 1676 concilii
1064 1611 1162 1676 nostri
1184 1611 1356 1676 consilium
1378 1613 1491 1679 disbr-
1504 1643 1530 1680 ιι

344 1709 418 1774 lisse
439 1711 472 1775 et
491 1711 609 1776 nemini
638 1711 764 1794 quidem
785 1731 823 1777 ex
844 1712 940 1795 lapsis
967 1713 1055 1795 prius
1076 1715 1329 1793 communicasse,
1360 1717 1493 1798 quando

343 1813 443 1879 adhuc
477 1815 544 1878 erat
578 1815 660 1880 unde
688 1834 748 1881 non
774 1815 900 1882 tuntum
930 1817 1159 1902 indulgentiam
1194 1819 1249 1883 sed
1277 1819 1309 1882 et
1337 1837 1491 1886 coronam

344 1917 451 2000 lapsus
478 1918 640 2001 acciperet,
668 1920 776 2002 postee
802 1921 918 1997 tamon
947 1920 1029 1986 sicut
1057 1922 1092 1986 et
1110 1921 1234 2004 collegii
1264 1923 1436 1988 concordia
1458 1927 1491 1988 ct

343 2019 542 2105 conligendas
568 2021 774 2089 buternitatis
795 2041 832 2088 ac
853 2023 996 2089 medendi
1018 2024 1156 2090 uulneris
1178 2025 1303 2090 utilitas
1325 2026 1479 2110 exigebat

342 2125 526 2190 necessitate
547 2129 724 2209 temporum
746 2127 944 2194 succubuisse
964 2129 996 2194 et
1011 2128 1107 2194 saluti
1122 2129 1295 2196 multorum
1310 2131 1486 2213 prouideu-
1500 2161 1524 2198 rs

343 2231 418 2295 dum
439 2230 577 2312 putasse,
599 2231 633 2295 et
653 2249 735 2295 nunc
756 2231 796 2295 ab
817 2230 868 2296 his
890 2248 949 2296 nou
971 2231 1111 2298 recodere
1133 2251 1212 2315 quae
1233 2233 1331 2300 semol
1352 2235 1389 2299 in
1404 2253 1484 2300 ccu-

343 2333 415 2399 oilie
435 2335 541 2399 nostm
561 2335 600 2399 de
614 2334 773 2399 communi
794 2335 969 2400 conlctione
990 2335 1180 2416 placuerunt,
1205 2337 1350 2419 quamuis
1374 2339 1483 2404 multa

342 2435 513 2502 multorum
534 2435 663 2502 uocibus
683 2437 875 2502 uentileutur
897 2438 928 2503 et
948 2438 1109 2504 mendacio
1130 2439 1278 2505 aduersum
1301 2442 1482 2508 secerdotes

342 2541 401 2606 nei
422 2540 461 2606 de
483 2539 599 2606 diaboli
626 2559 679 2606 ore
704 2540 826 2624 prolate
850 2543 890 2608 ad
912 2543 1117 2625 rumpendam
1145 2543 1316 2611 catholicae
1343 2547 1483 2612 unitatis

341 2644 534 2710 concordiam
556 2645 670 2727 ubique
691 2645 854 2712 iactentur.
878 2647 932 2711 sed
952 2646 984 2712 te
1004 2649 1125 2728 oportet
1146 2649 1183 2712 ut
1203 2647 1320 2713 bouum
1342 2649 1481 2716 fratrem
1495 2667 1521 2718 re

341 2747 442 2831 adque
462 2749 641 2814 unanimem
663 2747 919 2828 consacerdotem,
941 2767 1002 2815 uon
1025 2750 1100 2832 quid
1121 2751 1254 2835 maligni
1276 2752 1379 2834 adque
1402 2760 1482 2836 epo·

341 2852 441 2916 statae
462 2849 568 2916 dicant
589 2850 681 2916 facile
702 2852 866 2934 suscipere,
890 2852 943 2917 sed
966 2851 1041 2934 quid
1063 2853 1200 2938 collegae
1222 2854 1271 2919 tui
1293 2855 1432 2921 modesti
1451 2861 1486 2923 et

341 2970 451 3038 graues
472 2953 534 3018 uiri
555 2953 673 3020 iaciunt
694 2955 732 3020 de
754 2956 840 3020 uitae
862 2957 894 3020 et
917 2954 1100 3037 disciplinae
1120 2957 1243 3022 nostrae
1267 2959 1489 3042 exploratione

341 3057 536 3140 perpendere.

256 3466 261 3480 ¹
394 3409 409 3461 1
424 3407 538 3462 menno
553 3408 588 3479 9¹
606 3393 761 3476 (emnium
775 3409 859 3481 our)
928 3410 957 3464 in
969 3409 1063 3466 noem
1078 3412 1159 3467 ceu
1169 3410 1199 3466 n
1211 3427 1232 3467 e.
1246 3413 1262 3467 ι.
1334 3413 1437 3482 aquen
1451 3415 1478 3484 ρ

340 3494 431 3563 (quom
443 3494 490 3561 Μ)
567 3494 586 3549 3
597 3494 739 3550 subiciens
751 3496 787 3561 R,
800 3495 918 3551 efficiens
931 3497 959 3550 Β
1027 3497 1157 3553 lefrico·
1169 3498 1197 3553 Ia
1266 3497 1408 3554 uidebitur
1420 3500 1479 3562 Bu,

339 3579 566 3636 utuidebeturlt
667 3597 742 3635 roma
755 3581 786 3652 Q,
804 3597 894 3636 romae
911 3581 940 3648 0,
956 3585 1089 3653 promeR
1191 3584 1434 3654 boumleecuan

339 3661 356 3721 6
367 3666 498 3737 episcopis
511 3667 539 3721 Β
617 3667 722 3737 habito]
734 3667 769 3721 ab
779 3667 829 3722 illc
846 3669 870 3724 0
946 3669 1056 3724 consilio
1069 3671 1097 3725 Β
1101 3671 1124 3727 0
1201 3670 1294 3726 sedem
1307 3670 1336 3725 B
1416 3688 1463 3727 scu

339 3754 426 3808 tentia
438 3753 478 3808 Β*
582 3755 598 3807 ’1
612 3754 682 3825 peri]
699 3755 746 3826 pia
760 3755 783 3826 Q
798 3755 848 3810 scd
865 3757 897 3811 ta
914 3773 969 3812 rue.
987 3758 1059 3827 (pari
1070 3757 1117 3825 Μ)
1220 3758 1238 3813 8
1254 3775 1325 3814 nunc
1341 3759 1409 3830 duit]
1426 3766 1473 3814 set

339 3840 448 3894 uuucB
546 3841 638 3894 §laute
650 3856 700 3895 ces.
712 3841 748 3907 Β,
761 3841 957 3913 edteQ(ente
969 3843 1007 3898 Μ
1014 3844 1124 3898 εοᾰιιε.
1138 3845 1169 3912 1.)
1268 3845 1304 3900 10
1315 3861 1393 3900 omne
1406 3846 1435 3900 Β

338 3925 446 3980 consilii
462 3925 517 3996 OQ,
530 3926 676 3982 consilium
688 3927 716 3983 Β
783 3931 906 3984 nostrum
919 3930 947 3984 Β
1022 3931 1054 3984 11
1066 3929 1178 3986 memini
1195 3931 1228 3988 0¹
1303 3932 1441 4002 01]ch

339 4011 523 4080 resceperunt
537 4014 571 4069 0¹
677 4015 749 4069 deut
761 4016 799 4086 ct]
813 4015 884 4070 sicut
901 4016 993 4087 OQRc
1089 4017 1202 4087 collegio
1215 4018 1270 4083 13¹,
1286 4017 1399 4087 collegis
1413 4017 1443 4071 Β

339 4097 505 4152 concordiam
515 4099 543 4154 L
614 4100 648 4155 14
659 4100 795 4155 meudeutu'
813 4102 846 4156 0·
922 4103 955 4158 15
966 4102 1124 4158 necessitati
1138 4103 1213 4174 (1οη,
1225 4103 1416 4159 necessitates:
1429 4105 1478 4170 B,·

338 4186 373 4252 σί.
387 4187 493 4252 dimo
572 4186 606 4241 lc
617 4190 714 4256 putare
727 4187 751 4258 Q
818 4188 916 4243 recessi
929 4204 964 4244 ca·
974 4189 1115 4244 recesserit
1127 4189 1152 4246 0
1228 4191 1261 4245 11
1275 4191 1427 4246 conlatione
1441 4207 1480 4246 cx

339 4268 526 4326 conciliatione
542 4271 565 4327 0
645 4273 1019 4345 icereprelece110prebece
1029 4275 1057 4329 Β
1138 4277 1171 4331 21
1188 4277 1261 4346 quod
1271 4277 1311 4332 M
1319 4277 1393 4349 (quid
1406 4277 1445 4349 Q)

339 4355 436 4426 adque]
453 4359 503 4410 aut
513 4358 541 4411 B
646 4362 797 4429 apotestatc
814 4362 835 4417 0
937 4361 973 4416 22
984 4362 1093 4433 collegii
1107 4363 1135 4418 Β
1245 4367 1278 4419 ut
1289 4363 1406 4420 medati
1418 4365 1448 4420 Β

336 4438 373 4498 23
384 4441 417 4497 de
430 4442 489 4496 uite
505 4442 560 4516 OQ,
571 4443 695 4500 deuictae
707 4446 734 4501 L
803 4447 923 4517 exemplo
935 4448 1041 4502 ratione
1058 4450 1081 4505 O
