3242 5159
365 490 428 556 696
765 485 912 542 Caecilii
929 441 1091 554 cyprum
1347 448 1351 457 ’
1587 414 1589 548 l

363 643 537 710 summotus
552 641 663 706 Daniel
679 641 785 707 extitit
798 643 832 707 in
847 642 912 707 suis
927 643 1083 722 laudibus,
1098 643 1172 725 quia
1186 644 1242 726 qui
1257 643 1401 711 leonibus
1421 645 1514 710 mis-

363 764 415 812 sus
430 745 531 812 fuerat
545 744 585 809 ad
599 745 755 827 praedam,
773 746 931 828 protectus
947 766 966 811 a
980 729 1115 812 Domino
1129 747 1211 812 uiuit
1230 747 1270 812 au
1291 748 1451 832 gloriam
1479 749 1515 812 in

367 847 590 915 confessoribus
606 845 723 913 christi
747 848 847 914 dilata
870 849 1023 932 martyria
1042 867 1103 914 nou
1124 850 1272 915 meritum
1292 849 1514 917 ooufessionis

365 952 526 1030 minuunt,
548 950 603 1016 sed
622 951 779 1034 magnalia
801 951 924 1016 Diuinae
950 952 1152 1034 protectionis
1172 953 1348 1018 ostendunt.
1374 973 1512 1036 reptas

357 1057 521 1122 sentatum
536 1053 679 1120 uidemus
695 1054 728 1119 iu
743 1055 833 1120 uobis
848 1056 929 1137 quod
943 1056 1026 1139 apud
1041 1075 1146 1140 regom
1166 1054 1261 1122 sortes
1280 1056 1385 1139 adque
1412 1058 1530 1122 inlu-s

364 1161 442 1225 stres
468 1158 555 1240 pueri
581 1157 845 1239 pmodioauerunt,
871 1159 954 1240 ipsos
981 1159 1107 1242 quidem
1133 1160 1256 1244 paratos
1285 1177 1354 1225 esse
1386 1161 1510 1227 ardere

362 1262 507 1340 flammis,
528 1281 566 1326 ne
581 1261 642 1327 diis
663 1262 729 1327 eius
750 1262 903 1328 seruirent
922 1264 979 1327 aut
991 1263 1161 1347 imaginem
1175 1281 1270 1345 qnam
1284 1262 1409 1328 iooorat
1425 1265 1510 1329 arlo·

364 1367 478 1444 rarsut,
504 1365 606 1430 Deum
632 1365 737 1430 tomen
762 1383 855 1448 quem
881 1365 1022 1431 solebant
1048 1385 1201 1449 quemquo
1223 1368 1255 1431 ot
1276 1385 1333 1431 nos
1359 1367 1507 1433 nolimus

362 1469 521 1554 potentem
537 1485 602 1532 esse
617 1469 654 1532 ut
669 1485 745 1550 quos
759 1468 798 1533 de
813 1468 934 1534 camino
949 1468 1032 1552 ignis
1047 1468 1196 1534 eximeret
1211 1469 1294 1534 etde
1314 1469 1407 1554 regis
1432 1490 1505 1534 ma-

361 1572 455 1639 uihus
480 1591 516 1636 ao
541 1571 579 1636 do
604 1571 710 1653 poenis
735 1571 950 1654 praesentibus
970 1572 1128 1637 liberaret.
1151 1572 1233 1655 quod
1254 1548 1444 1639 iuussuimus
1470 1574 1536 1640 ino

362 1674 560 1742 oonfessiouis
581 1674 703 1740 uestrae
718 1673 777 1739 lide
793 1676 825 1740 et
839 1675 873 1739 in
886 1675 1014 1740 Domini
1029 1675 1110 1740 oiroa
1124 1693 1179 1740 uos
1199 1674 1395 1757 protentione
1417 1696 1505 1741 nuno

361 1779 496 1864 gestum,
519 1779 557 1843 nt
576 1797 646 1844 oum
669 1796 723 1846 uos
738 1779 841 1861 parati
856 1778 979 1845 fueritis
994 1781 1026 1844 et
1040 1780 1177 1863 prompti
1191 1799 1282 1845 omne
1296 1780 1410 1844 subire
1426 1799 1504 1863 sup·

361 1881 502 1966 plinium,
528 1882 681 1948 Dominus
706 1883 811 1948 tamen
839 1902 894 1948 uos
919 1896 1034 1966 poenae
1059 1883 1255 1949 subtraheret
1280 1884 1313 1947 et
1339 1885 1499 1949 eeclesiae

361 1986 541 2050 rosemaret.
558 1984 804 2069 regredientibus
819 1985 908 2050 uobis
923 1986 1064 2052 hreuiata
1077 2006 1139 2053 nou
1154 1989 1202 2052 est
1215 1987 1249 2051 iu
1265 1986 1414 2070 episeopo
1426 2006 1502 2053 oou·
1587 2057 1589 2060 ,

362 2086 504 2153 fossionis
525 2105 598 2153 suae
618 2087 765 2172 dignitas,
788 2089 843 2153 sed
863 2090 964 2174 magis
979 2091 1078 2156 oreuit
1092 2089 1292 2157 sacerdotalis
1306 2092 1498 2169 auotoritas,
1508 2116 1529 2154 o

360 2191 397 2256 ut
412 2191 505 2256 altari
520 2188 579 2254 Dei
593 2191 725 2256 adsistat
740 2192 872 2258 antistes
887 2193 940 2275 qui
954 2192 994 2257 ad
1009 2192 1207 2259 oonfessiouis
1229 2213 1317 2259 arma
1339 2194 1500 2260 sumendo

361 2283 549 2360 e'tfaoieuda
564 2294 789 2378 martyrisnon
804 2295 907 2361 uerhis
927 2295 1050 2379 plebem
1071 2295 1126 2361 sed
1147 2295 1238 2362 lactis
1259 2296 1447 2363 cohortetur
1468 2299 1499 2362 et

361 2396 532 2465 inminente
548 2397 731 2463 antichristo
746 2400 834 2480 paret
849 2399 888 2464 ad
902 2400 1055 2482 proelium
1070 2400 1190 2466 milites
1205 2417 1266 2465 uon
1281 2401 1349 2466 eolo
1371 2420 1493 2466 sermo-

361 2501 409 2566 nis
425 2502 457 2566 et
471 2500 555 2566 noois
570 2501 769 2566 incitamento
785 2500 838 2566 sed
853 2501 925 2567 fidei
941 2503 973 2567 et
988 2503 1118 2568 uirtutis
1133 2504 1282 2586 exemplo.

249 2647 253 2655 ι
333 2615 351 2678 2
404 2604 638 2690 Intellegimus,
655 2602 749 2669 frater
764 2604 931 2688 carissime,
953 2607 985 2671 et
1005 2606 1072 2670 tota
1092 2606 1193 2672 oordia
1215 2607 1314 2672 nostri
1335 2607 1409 2672 luoo
1425 2627 1523 2692 per-a

361 2708 509 2794 spioimus
522 2707 645 2772 diarium
657 2708 833 2774 maiestatis
844 2709 994 2775 salutaria
1005 2711 1036 2775 et
1050 2712 1160 2776 saneta
1175 2711 1313 2790 oonsilio,
1330 2712 1419 2777 unde
1431 2709 1495 2778 illio

361 2811 523 2894 repentina
550 2811 722 2895 persecutio
750 2831 848 2895 nuper
874 2815 979 2878 exorta
1005 2813 1057 2892 eit,
1085 2813 1165 2878 unde
1191 2814 1299 2878 eontra
1324 2814 1492 2880 eeclesiam

260 2909 267 2924 ¹
361 2913 477 2980 Christi
492 2916 524 2979 st
540 2915 717 2998 episcopum
732 2913 908 2981 Cornelium
928 2917 1056 2981 beatum
1070 2918 1241 3000 martyrem
1255 2935 1374 2999 uosque
1385 2936 1493 2984 omnes

362 3018 529 3084 saecularis
543 3019 680 3100 potestas
695 3018 798 3084 subito
813 3019 997 3102 proruperit,
1019 3020 1056 3084 ut
1076 3019 1116 3085 ad
1136 3018 1367 3086 oonluudendos
1382 3021 1492 3088 haere·

363 3121 447 3190 tioos¹
467 3123 498 3186 et
524 3121 730 3188 retundendos
755 3123 931 3188 ostenderet
955 3121 1108 3187 Dominus
1135 3126 1213 3205 quoe
1239 3125 1321 3188 osset
1347 3125 1517 3201 eoelemas
1587 3134 1588 3147 ¹

361 3223 431 3307 quis
451 3223 611 3308 episcopus
633 3225 700 3291 sius
723 3245 802 3291 unus
826 3225 933 3291 (liuius
955 3225 1149 3302 ordinatione
1170 3225 1319 3306 delentos,
1339 3228 1397 3310 qni
1421 3247 1491 3293 oum

412 3568 497 3639 hesel]
511 3571 538 3622 et
550 3567 580 3622 F
692 3567 944 3636 repraesentandum
956 3568 986 3622 F
1102 3569 1208 3638 stege
1223 3568 1247 3638 Q
1369 3569 1491 3638 ‘lqusm-
1587 3614 1588 3623 ,

361 3669 442 3724 quam
458 3655 493 3708 D
567 3653 685 3708 fenerant
698 3653 769 3724 13¹0
837 3653 945 3723 liquem
957 3656 1048 3708 tamen
1065 3653 1117 3724 OT
1183 3654 1323 3724 quomque]
1337 3669 1422 3722 quem
1440 3655 1465 3708 V
1587 3646 1588 3717 ]

361 3741 479 3795 nolumus
492 3741 531 3795 13¹
541 3741 565 3796 Τ
569 3745 573 3774 ¹
699 3741 716 3794 9
729 3755 794 3808 quos
808 3740 842 3804 F,
855 3755 900 3793 eos
912 3739 1036 3810 nPQTe
1151 3739 1287 3809 emineret]
1300 3733 1492 3795 sennem

361 3827 643 3895 semforianus
761 3827 952 3897 nummo
1065 3809 1167 3896 effio
1287 3824 1491 3881 memnone

360 3914 393 3968 ie
403 3929 468 3981 ros„
485 3929 589 3968 omnem
605 3913 628 3984 Q
776 3913 938 3982 euhplitium
953 3915 979 3968 T
1126 3912 1159 3966 14
1171 3910 1262 3966 uosbis
1272 3911 1309 3965 Μ
1319 3909 1410 3977 (uobis
1425 3912 1461 3983 Q)
1587 3940 1588 3983 p

362 3997 525 4069 artenao
632 3999 665 4054 1o
677 3999 799 4054 alneu
901 3985 1067 4069 ‹1011an
1169 3995 1355 4067 amoueo,
1375 3996 1491 4052 sumes

364 4100 398 4140 aa
410 4087 521 4140 attentes
537 4088 563 4141 T
680 4087 713 4140 17
726 4088 860 4141 ooortetur
870 4086 899 4140 P
1013 4086 1047 4140 18
1058 4085 1114 4140 solo
1126 4083 1270 4149 ΜΡΝ,
1282 4083 1370 4137 solnm
1383 4083 1427 4154 Qu

361 4171 574 4226 sunamiten
655 4171 897 4242 menoses
972 4169 1320 4235 somthmrmresT
1398 4153 1493 4226 ffisr

361 4257 417 4312 iia
429 4273 483 4312 raa.
588 4259 724 4330 nostrisQ
830 4259 865 4313 22
876 4259 988 4313 exhorta
1002 4257 1033 4329 Q,
1045 4261 1105 4313 orta
1119 4259 1145 4312 Τ
1253 4254 1289 4309 23
1300 4259 1330 4308 et
1340 4271 1392 4310 oss.
1407 4257 1463 4312 ΒΡ

361 4331 466 4413 uosque
472 4345 498 4398 L
600 4346 687 4399 omnis
700 4345 803 4415 LQT²‚
816 4361 920 4400 omnem
937 4346 970 4399 Τ1
1079 4341 1273 4398 asmeouuria
1288 4342 1394 4398 Tisia
1405 4361 1459 4399 rus.

360 4430 503 4500 potestisas
516 4431 553 4485 Μ
563 4433 695 4501 (potestas
711 4430 745 4500 Q)
848 4430 883 4485 26
895 4429 1015 4484 deiectus
1031 4431 1056 4485 Τ
1157 4429 1258 4501 quisQ
