3242 5159
400 529 464 595 738
799 525 950 580 Caecilii
967 524 1129 594 Cypriani

403 683 474 749 ficia
488 684 626 765 macore,
641 682 763 765 quando
778 659 847 765 ipsa
860 679 996 746 maxime
1005 679 1120 745 habeat
1130 680 1322 763 potestatem
1333 679 1498 762 ueleligmdi

401 785 511 871 dignos
526 785 699 851 sacerdotes
715 785 766 850 nel
781 784 926 868 indignos
940 783 1110 849 mcusrmdr'.

371 900 390 962 4
444 888 533 968 Quod
553 891 586 954 et
606 889 712 971 ipsum
734 889 880 954 uidemus
903 887 942 952 de
957 887 1067 952 diuina
1081 887 1272 952 sustentate
1285 886 1500 960 desmudoraut

401 993 542 1060 sacerdos
557 991 648 1075 plebe
662 993 825 1075 praesente
839 990 897 1056 sub
914 991 1054 1056 omnium
1069 991 1170 1056 oculis
1184 990 1346 1075 deligatur
1367 991 1398 1056 et
1413 988 1500 1073 dignu

399 1097 500 1179 adque
520 1095 647 1160 idoneus
668 1095 793 1178 publico
813 1094 930 1160 iudicio
951 1112 988 1159 ac
1007 1094 1189 1161 testimonio
1209 1094 1423 1176 conprobetur,
1439 1091 1512 1155 doctr

399 1199 432 1265 in
468 1199 614 1264 Numerio
651 1198 804 1264 Dominus
841 1197 943 1281 Mopsi
979 1197 1134 1280 praecipit
1168 1197 1295 1262 dicens:
1339 1193 1500 1279 prehende

399 1303 528 1368 Aaron
550 1302 720 1367 fratrem
742 1303 854 1366 tuum
875 1303 914 1366 et
937 1301 1101 1366 Eleazar
1123 1299 1260 1365 filium
1283 1301 1385 1376 eius,
1416 1301 1447 1364 et
1462 1297 1501 1360 in·

399 1422 518 1489 pones
560 1422 622 1470 eos
657 1405 697 1469 in
732 1405 900 1469 montem
935 1420 1063 1469 coram
1099 1405 1202 1470 omni
1234 1420 1445 1488 synagoga,
1475 1402 1501 1464 et

400 1526 493 1574 exue
526 1507 659 1573 Aaron
691 1507 838 1572 stolam
869 1507 958 1572 eius
990 1507 1030 1570 et
1060 1505 1177 1572 indue
1205 1505 1371 1572 Eleazar
1397 1503 1501 1568 filiun

399 1613 500 1689 eius,
522 1613 561 1675 et
582 1610 712 1676 Aaron
733 1610 940 1692 adpositus
962 1610 1157 1675 moriatur
1177 1610 1281 1675 illic.
1314 1627 1416 1675 coram
1433 1606 1517 1671 ond·

401 1732 559 1799 synagoga
585 1713 674 1780 iubet
695 1714 779 1779 Deus
806 1713 956 1779 constitui
983 1714 1185 1792 sacerdotem,
1212 1712 1247 1778 id
1275 1714 1327 1778 set
1354 1710 1501 1778 instruite

399 1815 538 1882 ostendit
567 1816 775 1883 ordinationes
805 1817 1012 1883 sacerdotales
1039 1834 1102 1882 non
1132 1816 1195 1882 nisi
1222 1815 1282 1882 sub
1312 1814 1417 1900 populi
1439 1811 1500 1876 adsi·

400 1919 513 1986 stantis
536 1920 724 1986 conscientia
745 1921 811 1986 fiori
833 1921 982 2003 oportere,
1005 1923 1042 1986 nt
1063 1919 1153 2002 plebe
1174 1921 1340 2002 praesente
1361 1917 1411 1983 nol
1437 1913 1499 1979 dete

399 2025 514 2108 gantur
528 2023 683 2088 malorum
698 2023 830 2089 ommino
844 2023 897 2088 uel
912 2023 1063 2088 bonorum
1077 2022 1192 2088 merita
1205 2021 1424 2105 praedicentur
1435 2018 1461 2080 et
1471 2015 1499 2076 sit

397 2126 552 2192 ordinatio
578 2126 663 2192 iusta
689 2128 722 2191 et
747 2126 893 2211 legitima
916 2143 995 2208 quae
1014 2125 1155 2191 omnium
1175 2125 1329 2209 suffragio
1356 2126 1388 2189 et
1410 2118 1516 2187 indiciue

399 2229 496 2294 inerit
510 2229 697 2294 examinata
713 2228 795 2312 quod
815 2232 923 2313 postea
943 2228 1115 2295 seeundum
1134 2229 1244 2294 diuina
1266 2221 1498 2313 magisteriam

399 2334 545 2398 seruatur
570 2333 604 2398 in
630 2333 709 2400 actis
730 2333 951 2415 apostolorum,
976 2333 1097 2414 quando
1117 2332 1157 2398 dc
1179 2332 1354 2398 ordinando
1372 2332 1404 2396 in
1422 2329 1498 2392 locun

400 2435 497 2501 Iudae
523 2437 666 2519 episeopo
687 2435 799 2501 Petrus
820 2435 862 2501 ad
881 2436 1005 2518 plebem
1026 2436 1176 2518 loquitur.
1198 2435 1394 2509 surrexit,
1414 2429 1499 2512 munit

400 2539 548 2606 Petrus
576 2541 616 2605 in
643 2541 773 2605 medio
801 2539 1057 2619 discentium,
1089 2539 1169 2605 luit
1190 2541 1328 2605 autom
1349 2532 1497 2604 turbain

402 2661 483 2710 uno.
504 2663 560 2710 nco
581 2643 639 2710 hoc
659 2644 693 2709 in
713 2643 928 2727 episcoporum
947 2645 1073 2709 tantum
1088 2646 1121 2709 et
1135 2644 1345 2722 sacerdotum,
1365 2641 1416 2708 eod
1433 2640 1459 2704 ct
1472 2637 1516 2700 ins

401 2747 601 2813 diaconorum
616 2746 862 2812 ordinationibus
877 2747 1056 2813 obseruasse
1069 2747 1226 2831 apostolos
1237 2744 1497 2813 animaduertisset

399 2849 437 2914 de
452 2869 512 2932 qno
528 2853 560 2916 et
571 2851 639 2934 ipso
650 2850 684 2915 in
695 2850 774 2915 actis
785 2846 892 2916 eornm
903 2851 1056 2934 scriptum
1070 2852 1128 2916 est.
1145 2852 1183 2916 et
1197 2843 1497 2921 conuooanerunt,

399 2953 517 3034 inquit,
554 2952 622 3018 illi
659 2954 864 3021 duodecim
896 2957 1019 3021 totam
1051 2954 1204 3039 plebem
1238 2952 1497 3036 discipulorum

400 3057 439 3120 et
473 3055 660 3122 dixerunt
692 3059 758 3122 eis.
793 3059 876 3141 quod
909 3059 1018 3143 utique
1051 3057 1164 3123 idcirco
1192 3060 1260 3122 tam
1293 3055 1452 3140 diligenter
1475 3049 1496 3112 et

399 3161 488 3224 caute
510 3163 677 3226 conuocata
699 3160 790 3244 plebe
811 3163 880 3227 tota
899 3161 1074 3245 gerebatur,
1098 3179 1137 3225 ne
1159 3159 1230 3242 quis
1245 3159 1286 3224 ad
1300 3159 1409 3225 altaris
1427 3150 1516 3219 mini-s

390 3373 392 3378 ·
502 3345 798 3412 cicumeuntes.
868 3347 1083 3410 lanceam.
1152 3346 1355 3410 idiotam.

450 3502 466 3554 1
479 3501 617 3556 misuoere
631 3500 798 3571 Q(nnisercri
810 3501 858 3568 Μ)
1002 3501 1151 3556 diuidimus
1164 3503 1190 3555 0
1327 3500 1361 3554 dc
1371 3515 1417 3553 ore
1431 3493 1451 3549 0
1549 3486 1550 3567 i

398 3587 561 3657 4praceenti
574 3589 788 3656 repraesentem
804 3587 829 3642 0
929 3586 1061 3656 deligitur
1076 3587 1111 3643 G¹
1213 3587 1310 3642 6mosi
1324 3587 1353 3641 I,
1442 3591 1494 3648 111⁸t

399 3673 471 3743 oepit
487 3671 765 3743 Gootpraecipitdd)
916 3657 976 3727 (11ιῖ
978 3672 1109 3743 diceneo
1255 3672 1356 3741 prmde
1371 3669 1422 3732 oa
1432 3666 1466 3720 (15⁶
1475 3659 1496 3730 Q·

399 3758 595 3828 appreheudeo
674 3758 767 3813 'daron
780 3757 860 3812 fratri
871 3758 959 3829 tnoQ
1036 3759 1186 3813 eleazarum
1200 3758 1267 3813 cac
1351 3748 1474 3826 inpositi

399 3845 491 3899 9aron
505 3845 532 3898 L
543 3849 569 3899 et
577 3850 674 3913 posteo
776 3845 834 3899 eius
846 3860 897 3900 ora
914 3844 965 3900 CR
1066 3846 1215 3900 eleazarum
1231 3844 1324 3914 oona
1398 3831 1496 3928 &1⁰⁸4

398 3931 505 3998 positus
518 3933 560 3986 est
571 3931 619 3984 Μ’
631 3931 686 3999 (eet
696 3945 748 3986 om.
761 3930 848 4001 M‘Q)
966 3930 1026 3984 illic
1038 3932 1169 3985 moriatur
1183 3930 1208 3985 0
1334 3932 1368 3984 11
1379 3928 1423 3982 dne
1437 3920 1475 3979 OB

400 4016 434 4068 14
445 4016 589 4086 malorum]
601 4016 769 4087 maiorqu
902 4016 1045 4071 criminum
1061 4017 1096 4073 0¹
1224 4016 1260 4070 16
1270 4015 1435 4070 obeeruontn
1446 4007 1473 4063 0¹

400 4100 434 4154 18
446 4101 577 4171 episcopo]
591 4102 739 4172 apostolor
889 4103 924 4156 19
935 4101 1001 4170 fuit]
1012 4101 1127 4171 fugito
1274 4093 1495 4168 maromontem

399 4187 574 4242 ferecentum
587 4187 718 4258 uigintic
814 4186 1032 4257 dilatimini!
1041 4187 1122 4255 (etin
1138 4186 1173 4257 Q)
1267 4187 1301 4241 21
1314 4176 1495 4241 cramaculos

399 4273 563 4343 obseruare]
577 4273 810 4328 obseruationibus
822 4272 1001 4329 neumae
1077 4273 1162 4342 aare]
1175 4298 1202 4327 a
1217 4271 1352 4342 praere)
1418 4255 1494 4325 cml

401 4358 583 4428 apostolorum
600 4359 650 4416 OB
760 4359 795 4414 23
806 4358 955 4428 duodecim]
968 4357 1067 4413 christi
1082 4359 1106 4415 0
1218 4357 1364 4414 adiecero
1373 4372 1419 4411 osa
1432 4348 1472 4408 OB

400 4445 581 4516 ananiense
