3242 5159
296 520 359 585 352
693 514 841 570 Caecilii
859 513 1020 583 Cypriani

294 674 428 741 concitos
443 673 556 739 fluctus
570 671 756 737 clamoribus
778 669 941 735 retundere
956 688 1051 752 quam
1065 671 1154 734 tuam
1167 665 1288 731 rabiem
1301 661 1422 727 tracta·

291 777 376 843 tibus
393 795 537 842 coercere.
563 777 651 852 certe
672 776 703 839 et
727 773 815 839 labor
839 774 952 840 inritus
978 774 1010 839 et
1038 773 1145 838 nullus
1167 769 1296 834 effectus
1309 763 1418 829 offerre

290 881 394 947 lumen
411 898 514 958 caeco,
537 896 707 943 sermonem
722 877 829 955 surdo,
853 877 1040 960 sapientiam
1054 877 1166 951 barto,
1191 891 1263 938 cum
1277 887 1332 936 uec
1346 886 1418 932 sen-

289 985 349 1049 tire
375 984 486 1048 brutus
501 981 600 1065 possit
614 999 669 1046 nec
685 999 790 1046 caecus
805 981 910 1046 lumen
925 981 1090 1047 admittere
1104 997 1160 1045 nec
1174 975 1286 1042 surdus
1298 973 1417 1039 audire.

260 1103 278 1166 2
331 1087 418 1152 Haec
433 1086 628 1152 considerans
644 1102 732 1166 saepe
747 1085 881 1149 conticui
896 1086 928 1149 et
942 1085 1147 1166 inpatientem
1168 1079 1321 1164 patientia
1342 1077 1418 1155 uici,
1442 1103 1457 1142 s

289 1208 358 1255 oum
375 1209 431 1254 nec
457 1189 564 1254 dooere
589 1187 755 1253 indocilem
776 1206 898 1270 possem
919 1207 976 1253 nec
997 1189 1131 1269 impium
1156 1185 1306 1271 religione
1331 1203 1419 1249 com·

287 1292 420 1376 primere
446 1310 502 1358 nec
529 1291 683 1358 furentem
707 1291 836 1357 lenitate
865 1292 1013 1357 cohibere.
1048 1291 1102 1356 sed
1128 1291 1307 1356 enimcum
1331 1289 1419 1354 dicas

287 1395 437 1478 plurimos
463 1395 606 1478 conqueri
632 1396 664 1461 et
689 1395 769 1478 quod
796 1395 879 1460 bella
905 1395 1041 1460 crebrius
1064 1396 1208 1479 surgant,
1231 1394 1312 1476 quod
1336 1394 1417 1470 lues,

288 1498 369 1582 quod
384 1497 481 1566 fames
497 1499 651 1578 saeuiant,
675 1499 815 1582 quodque
842 1497 957 1564 imbres
983 1499 1016 1563 et
1042 1498 1165 1581 pluuias
1191 1516 1298 1562 serena
1323 1497 1419 1582 longa

287 1603 475 1686 suspendant
488 1602 576 1668 nobis
590 1603 755 1686 imputari,
779 1604 880 1668 tacere
895 1603 979 1668 ultra
993 1620 1053 1668 uon
1066 1603 1201 1684 oportet,
1224 1623 1263 1668 ne
1276 1605 1340 1671 iam
1355 1624 1418 1671 non
1428 1629 1456 1668 rc

287 1706 503 1784 uerecundiae,
525 1706 579 1772 sed
594 1706 785 1772 diffidentiae
799 1724 864 1771 ease
879 1705 1009 1788 incipiat
1022 1706 1104 1789 quod
1118 1708 1272 1786 tacemus,
1293 1709 1327 1774 et
1338 1709 1417 1774 dum

287 1809 515 1876 criminationes
544 1809 637 1876 falsas
667 1812 892 1877 contemnimus
922 1810 1072 1890 refutare,
1106 1812 1268 1878 uideamur
1297 1813 1416 1880 crimen

286 1930 457 1998 agnoscere.
492 1915 657 1998 respondeo
686 1915 785 1999 igitur
814 1917 846 1980 et
872 1915 950 1993 tibi,
990 1915 1204 1994 Demetrium,
1237 1917 1352 1998 pariter
1382 1923 1416 1984 et

286 2017 395 2084 ceteris
417 2035 493 2100 quos
513 2021 549 2084 tu
565 2018 692 2085 forsitan
708 2019 869 2086 concitasti
884 2021 916 2085 et
931 2019 1096 2084 aduersum
1109 2037 1164 2084 nos
1179 2019 1251 2084 odia
1265 2021 1330 2085 tuis
1344 2041 1410 2086 ma-

284 2120 393 2187 ledicis
408 2121 534 2187 uocibus
550 2121 727 2187 seminando
742 2121 870 2188 comites
885 2121 946 2187 tibi
967 2122 1070 2204 plures
1089 2123 1202 2187 radicis
1226 2124 1327 2206 adque
1349 2125 1413 2190 ori·
1425 2134 1452 2173 ¹⁵

284 2224 367 2308 ginis
382 2225 430 2290 tui
445 2224 649 2308 pullulatione
664 2225 783 2292 fecisti:
806 2244 883 2309 qnos
897 2227 1002 2291 tamon
1017 2226 1166 2292 sermonis
1180 2228 1279 2292 nostri
1294 2229 1411 2293 admit-

283 2329 348 2394 tere
370 2329 458 2395 credo
479 2330 639 2395 rationem.
663 2348 735 2396 nam
762 2330 816 2412 qui
841 2329 881 2395 ad
906 2330 1026 2395 malum
1052 2332 1157 2396 motus
1182 2333 1229 2395 est
1252 2331 1412 2396 mendacio

284 2431 411 2498 fallente
426 2435 527 2499 multo
543 2434 643 2518 magis
659 2433 698 2499 ad
714 2434 829 2500 bonum
844 2435 1022 2499 monebitur
1036 2435 1177 2500 ueritate.

253 2539 272 2602 3
325 2537 441 2602 Dixisti
455 2555 509 2620 per
524 2555 577 2602 nos
593 2536 659 2602 fieri
674 2537 706 2601 at
720 2536 801 2619 quod
816 2536 905 2602 nobis
921 2538 1053 2603 debeant
1067 2539 1204 2621 inputari
1226 2538 1330 2604 omnia
1349 2539 1412 2604 ista

283 2641 394 2724 quibus
420 2661 501 2706 nunc
528 2641 663 2707 muudus
689 2641 829 2722 quatitur
854 2642 885 2706 et
910 2643 1077 2726 urguetur,
1100 2643 1181 2725 quod
1204 2642 1250 2708 dii
1271 2644 1368 2708 uestri
1391 2651 1450 2708 ἃ»

282 2745 369 2811 nobis
392 2762 451 2810 non
474 2745 620 2810 colantur.
644 2763 705 2827 que
725 2744 758 2809 in
777 2745 865 2826 parte
880 2745 934 2826 qui
947 2746 1075 2829 ignarus
1090 2746 1213 2811 diuinae
1227 2747 1411 2830 cognitionis

282 2849 314 2913 et
339 2846 482 2912 ueritatis
507 2847 625 2912 alienus
650 2865 682 2911 es
709 2846 788 2912 illud
812 2848 912 2930 primo
938 2849 972 2913 in
991 2849 1059 2915 loco
1074 2849 1151 2914 scire
1166 2851 1258 2916 debes
1273 2853 1410 2923 sonabas

282 2952 345 3016 iam
361 2951 532 3030 saeculnm,
556 2971 616 3017 non
639 2951 704 3017 illis
727 2951 847 3017 uiribus
870 2953 952 3018 stare
974 2954 1086 3036 quibus
1107 2956 1195 3038 prius
1209 2959 1339 3024 steterat
1353 2981 1410 3027 uec

282 3055 388 3138 uigore
414 3056 445 3120 et
466 3054 573 3120 robore
598 3055 665 3137 ipso
691 3054 794 3120 ualere
819 3072 879 3137 quo
893 3057 986 3121 antea
1000 3058 1208 3137 praedolebat.
1232 3061 1289 3126 hoo
1313 3065 1409 3131 ctiam

281 3158 369 3224 nobis
384 3158 559 3224 tacentibus
574 3160 605 3222 et
620 3158 706 3223 nulla
718 3158 755 3224 de
767 3159 929 3242 scripturis
941 3161 1056 3225 sanctis
1067 3162 1408 3251 praedicationibusque
1418 3178 1447 3219 ¹⁵

281 3261 396 3326 diuinis
418 3261 602 3327 documenta
622 3262 834 3344 promentibus
849 3263 983 3329 mundus
997 3264 1064 3346 ipse
1078 3265 1142 3330 iam
1157 3266 1296 3350 loquitur
1309 3273 1342 3335 st
1356 3289 1409 3337 oc-

281 3385 386 3432 casum
401 3367 449 3431 sui
464 3383 568 3432 rerum
583 3363 756 3432 labentium
778 3367 958 3448 probatione
979 3369 1123 3435 testatur.
1144 3389 1206 3436 non
1226 3372 1327 3439 hieme
1349 3396 1410 3441 nu-

201 3543 204 3550 .
280 3469 409 3535 triendis
424 3468 593 3536 seminibus
609 3469 698 3536 muta
712 3470 863 3535 imbrium
878 3471 967 3554 copia
981 3473 1043 3549 est,
1059 3491 1119 3538 non
1133 3473 1276 3559 frugibus
1290 3479 1408 3544 aestate

331 3725 458 3781 lfluctos
471 3725 510 3781 R*
583 3725 729 3780 ssaffaatus
742 3727 791 3781 W*
866 3725 957 3781 efferre
972 3729 1011 3784 W
1076 3731 1293 3798 4possetW¹B
1309 3733 1408 3802 (possit

278 3811 432 3878 brutule
500 3813 589 3867 lumen
601 3811 681 3883 adm]
695 3812 785 3868 uidere
798 3814 836 3868 M
899 3814 1094 3884 dpatientiam
1104 3817 1141 3870 M
1145 3806 1187 3872 'R'
1262 3820 1410 3888 campri-

279 3898 580 3954 merem-cohiberem
597 3901 635 3955 W
709 3901 833 3956 Batora
847 3901 898 3956 Mc
957 3901 1101 3957 9seuinnt
1115 3903 1155 3958 W
1204 3909 1295 3974 quotq.
1307 3905 1409 3960 imbres

279 3985 320 4050 B,
338 3984 436 4039 imbres
448 3987 602 4055 qnoqueM
669 3987 829 4057 pluuiaeM
907 3988 942 4042 12
958 3987 1223 4058 refutarelrsputare
1235 3999 1408 4060 ewardum

277 4071 351 4126 aare
403 4071 438 4126 14
455 4072 579 4127 saritam
592 4074 620 4128 s
682 4073 748 4144 tuis]
761 4075 818 4128 rurs
831 4073 860 4129 a
923 4075 957 4128 15
972 4074 1114 4132 ramme
1176 4058 1361 4147 aequepainr

256 4157 312 4210 ’16
329 4157 1038 4228 th‚tueeWRBv,-ef.1.2⁷acemortata25
1101 4162 1134 4216 17
1152 4163 1298 4218 rationeR
1360 4165 1410 4232 qui

277 4243 312 4297 ad
326 4243 562 4314 abbaticcipitss
622 4246 656 4300 18
673 4246 854 4302 fallentcmR
933 4248 1050 4302 ueritate
1061 4251 1201 4318 cogentes
1275 4250 1308 4305 19
1326 4252 1356 4302 et
1370 4251 1411 4305 W

276 4331 397 4387 ΗΜ
458 4331 1132 4404 21quiSR‚quiao‚quiaiceaquisiWac2
1182 4336 1409 4402 masadam&

277 4417 405 4474 mundum
418 4419 501 4474 WRo
569 4419 605 4474 24
621 4419 757 4490 ipsoleoa
826 4424 889 4476 ante
905 4422 971 4478 WR
1038 4422 1410 4494 25praedicationibnaqnaa

278 4506 327 4562 SR
377 4507 603 4562 26iamnonW¹
662 4507 969 4564 disuieauin
