3242 5159
511 521 690 592 Epistulae
709 521 769 576 LV.
788 538 811 578 a
828 523 905 578 4-6.
1207 524 1271 591 627

139 701 271 749 noscere.
294 699 367 746 nam
388 680 422 746 in
443 680 579 763 epistula
598 697 657 746 sua
677 679 726 746 ita
746 682 931 762 posucrrrnt:
961 697 1189 762 quamquam
1208 696 1272 746 uo-

140 788 200 853 bis
224 787 263 852 in
283 788 362 852 tam
388 785 543 870 ingenti
570 784 728 869 negotio
753 783 913 868 placeat
940 784 1037 867 quod
1065 785 1103 849 et
1124 786 1166 849 tu
1188 785 1272 866 ipse

139 890 344 969 tractasti,
372 888 481 973 prius
509 905 592 954 esse
619 887 810 955 ecclesiae
834 905 963 970 pacem
984 885 1270 966 sustinendam,

140 993 279 1061 deinde
315 993 373 1058 sic
394 991 628 1058 conlatione
664 991 921 1058 consiliorum
957 1009 1039 1056 cum
1074 989 1271 1074 episcopis

113 1097 381 1182 spresbpteris
408 1095 584 1162 diaconis
611 1094 904 1162 confessoribus
930 1095 1146 1179 pariterue
1168 1095 1272 1160 stan·

139 1201 248 1266 tibus
269 1199 388 1265 laicis
409 1198 516 1264 iacta
537 1187 741 1283 lapsorum
756 1201 929 1265 tractare
950 1198 1150 1264 rationem.
1180 1196 1270 1264 addi-

139 1306 209 1369 tum
231 1304 279 1368 est
300 1303 396 1368 etiam
416 1301 593 1367 Nouatiano
614 1304 691 1368 tuuc
712 1302 867 1368 scribente
882 1304 913 1367 et
928 1302 1011 1384 quod
1032 1302 1196 1383 scripserat
1213 1318 1270 1367 sua

139 1425 215 1472 uoce
235 1406 387 1472 recitante
401 1407 434 1471 et
447 1404 628 1489 presbytero
649 1405 756 1489 Moyse
777 1407 854 1472 tunc
875 1405 975 1472 adhuc
997 1405 1168 1472 confessore
1189 1423 1269 1470 nuno

139 1509 204 1575 iam
230 1512 367 1593 martyre
393 1506 614 1587 subscribente,
643 1510 681 1574 ut
702 1509 799 1592 lapsis
827 1507 960 1574 infirmis
982 1510 1014 1574 et
1036 1507 1069 1574 iu
1091 1508 1176 1573 exitu
1198 1525 1270 1574 eon·

102 1637 133 1676 ιο
140 1613 264 1678 stitutio
290 1631 350 1695 pax
370 1613 506 1678 dmetur.
536 1630 615 1694 quae
635 1613 761 1678 litterae
781 1630 836 1695 per
858 1613 961 1678 totum
983 1612 1134 1676 muudum
1156 1611 1270 1678 missae
1365 1636 1368 1646 ·

139 1719 216 1781 sunt
242 1717 275 1781 et
301 1715 336 1780 in
362 1715 510 1782 notitiam
540 1715 678 1782 ecclesiis
706 1714 851 1780 omnibus
878 1716 911 1780 ct
937 1715 1090 1780 uniuersis
1120 1715 1288 1793 fratribus,

139 1819 278 1901 perlatae
300 1820 413 1902 [suut].

182 1921 359 1988 Secundum
381 1923 463 2005 quod
484 1925 589 1990 tumen
609 1925 682 1988 ante
703 1923 806 1988 fuerat
828 1921 1030 2001 destinatum,
1058 1917 1301 2005 persecutioness

138 2027 240 2109 sopita
266 2044 338 2091 cum
365 2026 440 2091 data
460 2028 542 2092 esset
562 2026 697 2093 facultas
717 2026 751 2090 iu
772 2045 869 2091 unum
892 2026 1099 2102 conueniendi,
1129 2025 1269 2109 copiosus

101 2130 352 2213 espiscoporum
372 2148 529 2208 numerus,
555 2147 631 2212 quos
653 2130 791 2215 integros
814 2133 846 2195 et
867 2129 1037 2196 incolumes
1058 2129 1135 2194 fides
1157 2147 1214 2196 sua
1236 2131 1268 2194 et

137 2233 264 2299 Domini
284 2233 386 2298 tutela
405 2234 549 2316 protexit,
572 2233 606 2299 in
624 2253 722 2298 unum
744 2233 945 2298 conuenimus
960 2233 991 2298 et
1006 2233 1167 2314 scripturis
1182 2233 1268 2316 [diu]

139 2357 176 2404 er
197 2339 327 2421 utraque
352 2340 440 2420 parte
465 2336 596 2422 prolatis
617 2337 899 2430 temperamentum
921 2335 1039 2402 salubri
1060 2335 1268 2401 moderatione

138 2439 334 2520 librauimus,
364 2443 401 2507 nt
429 2459 485 2506 nee
514 2440 547 2505 in
575 2442 680 2506 totum
708 2458 779 2523 spes
808 2439 1098 2506 communicationis
1127 2440 1159 2504 et
1183 2440 1268 2522 pacis

139 2544 236 2628 lapsis
263 2545 475 2629 denegaretur,
503 2562 542 2610 ne
563 2543 634 2626 plus
655 2542 867 2625 desperatione
889 2542 1053 2608 deficerent
1075 2546 1107 2608 et
1129 2561 1163 2608 eo
1185 2544 1265 2624 quod

97 2647 200 2713 sosibi
215 2647 344 2713 ecclesia
365 2649 542 2713 cluderetur
556 2647 655 2712 secuti
677 2646 835 2712 saeculum
856 2646 1017 2730 gentiliter
1038 2645 1189 2724 uiuerent,
1212 2665 1268 2712 nec

137 2751 243 2815 tamen
270 2768 376 2815 mrsus
404 2768 531 2816 musura
557 2749 737 2834 euangelica
762 2750 945 2826 solueretur,
974 2751 1010 2814 ut
1033 2749 1072 2814 ad
1094 2750 1267 2816 communi-

136 2853 290 2918 cationem
316 2854 433 2918 temere
453 2853 639 2936 prosilirent,
668 2853 722 2918 sed
748 2852 925 2920 traheretur
946 2852 1001 2919 diu
1022 2851 1213 2935 paenitentia
1235 2855 1267 2918 et
1368 2899 1370 2907 -

136 2958 297 3042 rogaretur
324 2956 464 3022 dolenter
488 2957 618 3040 paterna
645 2955 810 3022 clementia
832 2958 863 3021 et
885 2956 1132 3022 examinarentur
1158 2975 1268 3024 causae

189 3247 205 3300 1
217 3245 353 3301 dinoscere
368 3245 399 3318 Q,
416 3262 558 3317 agnoscere
570 3246 598 3300 Β
666 3261 828 3315 quamquem
840 3251 888 3302 etc.
901 3247 936 3314 cs.
949 3247 1024 3316 apost.
1037 3249 1076 3300 30
1087 3249 1139 3302 cd
1206 3247 1224 3302 2
1237 3247 1265 3300 in

137 3348 187 3387 cca.
211 3332 234 3388 0
339 3332 357 3410 3
375 3333 459 3403 prius]
480 3333 590 3402 propius
613 3332 636 3388 0
744 3331 909 3386 adseclesiae
930 3333 954 3388 0
968 3332 986 3386 d
1003 3347 1025 3387 e.
1040 3333 1057 3387 l.
1170 3333 1189 3387 4
1205 3349 1266 3388 con-

138 3419 266 3474 lationem
280 3419 308 3473 Β
391 3421 451 3474 bet
461 3418 624 3489 presbyteris
639 3419 664 3490 Q
743 3418 866 3474 diacones
880 3419 911 3490 Q,
924 3418 1080 3475 diaconibus
1092 3419 1136 3476 Bo
1219 3419 1266 3474 ad·

139 3504 277 3559 stantibus
291 3504 315 3575 Q
331 3506 374 3578 (ac
391 3505 527 3560 mutibus
537 3505 585 3574 Μ)
688 3504 748 3559 isc
758 3507 877 3560 tractata
894 3506 999 3561 ratione
1011 3507 1039 3561 Β
1140 3505 1263 3576 letiam]

137 3591 211 3644 euim
226 3590 250 3660 Q
266 3591 361 3658 (etism
373 3592 420 3660 Μ)
516 3591 659 3646 uenatione
670 3589 699 3645 Β
800 3592 866 3661 eet]
884 3593 912 3646 et
923 3607 940 3646 a
952 3591 980 3646 Β
1076 3591 1260 3662 presbyterum

137 3677 286 3745 moysenO
366 3676 451 3732 adhoc
463 3677 501 3731 L*
592 3677 610 3732 9
624 3677 821 3732 subscribentur
836 3679 860 3734 0
938 3678 1038 3732 exitum
1054 3678 1077 3748 Q
1162 3678 1196 3734 10
1206 3680 1262 3750 per]

137 3763 168 3816 in
181 3763 215 3827 Β,
228 3777 277 3832 pro
293 3762 385 3832 leer
396 3763 444 3828 Μ)
524 3763 661 3833 mundum]
673 3762 821 3820 modumR
907 3765 939 3819 11
952 3767 1015 3818 sunt
1026 3781 1076 3819 om.
1093 3765 1117 3821 0
1195 3766 1265 3820 uoti·

141 3849 210 3902 tium
222 3865 257 3903 a
267 3849 419 3904 nocentiam
435 3849 458 3906 0
548 3849 642 3904 eclesie
653 3850 682 3905 Β
778 3851 812 3904 13
824 3850 963 3906 sicuudum
974 3851 1003 3907 Β
1092 3853 1183 3906 tamen
1196 3851 1265 3921 quod

140 3933 231 3988 luerat
241 3937 306 3989 ante
318 3936 346 3990 Β
425 3935 501 4005 anm]
512 3935 626 3990 antebac
639 3935 663 4006 Q
742 3937 777 3991 14
787 3939 829 3990 est
841 3936 869 3990 Β
956 3937 989 3992 15
999 3937 1142 3994 incolomes
1155 3938 1231 4009 0130

139 4022 169 4073 ct
185 4036 235 4075 cra
251 4021 281 4074 Β
383 4021 417 4075 16
433 4021 534 4076 tutelis
549 4021 585 4086 R,
607 4037 658 4076 eac.
671 4018 699 4076 Β
800 4023 927 4093 protexit]
946 4023 1065 4078 seruauit
1080 4023 1104 4094 Q
1204 4024 1264 4092 diu]

137 4103 241 4159 diuinis
251 4123 284 4174 c;
296 4109 465 4176 most
476 4107 494 4160 l.
505 4110 617 4162 12snnt
720 4108 1018 4178 l‘ltcmporameutisB
1120 4111 1154 4165 18
1164 4111 1265 4166 libers·

138 4190 229 4245 nimus
244 4193 324 4249 0¹13·
422 4195 457 4248 19
467 4196 496 4248 et
506 4209 537 4248 co
548 4209 619 4249 corr.
630 4194 704 4248 icet
716 4209 749 4248 ca
763 4194 793 4259 0,
810 4194 877 4248 item
891 4194 918 4248 Β
1011 4193 1263 4260 coenulentus,

133 4275 574 4336 abdiccretnrecnddueereturG
647 4279 895 4336 samsones
910 4279 1072 4348 (amentur
1085 4281 1120 4354 Q)
1189 4283 1265 4338 &tet

131 4379 186 4418 oca
204 4363 228 4420 0

986 4542 1058 4606 40*
