3242 5159
455 546 634 617 Epistulae
652 546 771 602 LXXV.
791 563 813 602 o.
832 548 943 603 14-1‘1.
1195 552 1258 618 821

25 710 34 769 ε’
127 705 288 790 euangelio
305 704 456 788 [quando]
472 703 506 768 in
521 702 601 769 solos
615 704 772 787 apostolos
787 704 961 771 insufflanit
975 704 1118 781 Christus
1137 704 1258 771 dicens:

22 816 34 859 ’ὲ
127 807 298 891 accipite
340 806 522 890 spiritum
566 809 752 872 sanctum.
796 807 830 872 si
865 808 975 874 cuius
1016 808 1283 876 remiseritis·

128 911 301 994 peccata,
335 910 594 976 remittentur
625 909 708 975 illi:
746 910 784 975 et
816 910 850 975 si
883 911 994 977 cuins
1027 910 1256 992 tenueritis,

21 1028 39 1072 r
128 1014 374 1081 tenebuntur.
391 1012 530 1096 potestas
542 1031 615 1098 ergo
625 1014 823 1096 peccatorum
834 1014 1095 1080 remittendorum
1109 1014 1258 1098 apostolis

21 1136 32 1179 r
102 1115 204 1182 adata
225 1118 274 1183 est
296 1116 329 1181 et
350 1116 487 1209 ecclesiis
513 1135 589 1200 quas
610 1116 661 1181 illi
681 1122 699 1181 a'
720 1114 841 1182 Christo
867 1118 956 1183 missi
978 1118 1205 1185 constituerunt
1226 1119 1258 1184 et

129 1216 279 1303 episcopis
300 1218 354 1301 qui
377 1218 421 1284 eis
443 1218 635 1285 ordinatione
656 1220 774 1285 meana
787 1221 1010 1286 successerunt.
1032 1221 1137 1287 hostes
1151 1222 1257 1287 antem

21 1348 31 1389 t
130 1321 222 1387 unius
237 1322 406 1388 catholicae
422 1322 578 1403 ecclesiae,
597 1323 630 1389 in
645 1341 707 1405 qua
719 1340 775 1389 nos
791 1340 911 1401 sumus,
926 1325 959 1389 et
973 1324 1144 1390 aduersarii
1158 1327 1229 1390 nost
1247 1324 1254 1337 '

21 1454 37 1497 ς,
130 1424 184 1506 qui
213 1424 361 1507 apostolis
390 1426 595 1491 successimus
624 1426 796 1493 sacerdotia
825 1427 886 1493 sihi
914 1427 1039 1494 inlicita
1067 1429 1173 1495 contra
1201 1446 1257 1493 nos

28 1558 37 1599 ·.
130 1528 325 1595 uindicantes
346 1528 378 1593 et
400 1528 513 1595 altaria
539 1528 666 1612 profana
687 1530 836 1613 ponentes
859 1530 935 1612 quid
958 1530 1045 1597 aliud
1066 1533 1139 1597 sunt
1163 1550 1257 1615 quam

28 1660 36 1707 ς
92 1629 208 1697 tollore
229 1633 262 1697 et
276 1631 400 1697 Dathan
422 1636 454 1697 et
468 1631 588 1697 Abiron
608 1632 675 1717 pari
696 1633 811 1698 scelere
828 1633 972 1718 sacrilegi
989 1634 1022 1699 et
1036 1632 1159 1699 easdem
1180 1652 1257 1717 quae

21 1770 27 1814 ς
130 1736 162 1801 et
182 1734 232 1800 illi
252 1753 364 1819 poenae
391 1736 496 1801 (laturi
519 1754 590 1801 cnm
612 1736 662 1802 his
683 1736 737 1820 qui
759 1735 821 1802 sihi
844 1737 1061 1803 consentiunt?
1087 1738 1257 1804 secundum

21 1874 34 1921 s
130 1839 212 1920 quod
237 1840 333 1905 etiam
358 1840 433 1907 tuuc
458 1840 585 1905 illorum
611 1839 778 1923 participes
804 1839 837 1905 et
858 1838 995 1908 fautores
1019 1840 1088 1923 pari
1114 1859 1186 1906 oum
1212 1840 1256 1906 eis

21 1980 33 2025 ᾗ
130 1943 230 2009 morte
243 1943 412 2025 perierunt.

21 2088 28 2131 :
172 2046 276 2129 Atqm
298 2064 354 2131 ego
369 2048 401 2113 in
416 2048 476 2113 hac
490 2049 578 2130 parte
599 2046 682 2113 inste
703 2046 849 2133 indignor
869 2049 909 2115 ad
928 2048 1094 2114 hanutum
1115 2048 1307 2131 apertamll

21 2207 28 2237 ς
94 2148 163 2212 net
177 2148 373 2214 manifestam
389 2149 537 2233 Stephani
559 2149 741 2230 stultitiam,
766 2152 848 2233 qnod
869 2151 924 2233 qui
944 2150 989 2217 sic
1009 2152 1048 2216 de
1062 2150 1256 2235 episcopatus

21 2296 31 2342 p
132 2250 181 2315 aui
206 2250 272 2315 loco
299 2251 452 2336 gloriatur
478 2254 511 2317 et
536 2272 569 2318 se
594 2253 819 2319 successionem
844 2253 933 2318 Petri
958 2256 1062 2319 tenere
1087 2251 1256 2331 contendit,

21 2401 27 2447 ἱ
132 2372 224 2435 super
249 2372 341 2436 quem
363 2354 567 2421 fundamenta
589 2355 735 2421 ecclesiae
758 2355 910 2422 collocata
930 2357 1013 2435 sunt,
1039 2356 1157 2424 mutas
1178 2354 1257 2421 alias

25 2504 29 2511 „
130 2458 233 2539 petrea
244 2456 628 2523 inducateteoolesiarum
643 2458 911 2524 multarumnoua
921 2458 1061 2525 aedilicia
1075 2458 1255 2538 constituat,

21 2613 25 2649 ἶ
130 2559 205 2624 dum
220 2577 286 2625 esse
300 2559 367 2625 illic
380 2559 538 2643 baptisma
552 2578 608 2627 sua
623 2560 809 2627 auctoritate
824 2561 974 2627 defendit.
989 2580 1063 2627 nam
1078 2561 1132 2645 qui
1147 2560 1252 2643 bapti-

21 2650 23 2709 Ῑ
91 2662 237 2731 arantur
270 2661 424 2745 complent
454 2663 520 2727 sino
548 2661 641 2727 dubio
671 2663 818 2729 ecelesiae
846 2684 1026 2731 numerum:
1063 2663 1117 2746 qui
1146 2665 1249 2729 antem

21 2752 26 2840 ζ
130 2763 286 2847 baptisma
301 2781 406 2830 eorum
421 2764 540 2849 probat,
557 2766 595 2831 de
610 2765 777 2849 baptizatis
793 2768 826 2832 et
840 2769 1002 2833 ecclesiam
1017 2768 1085 2835 illic
1100 2786 1166 2834 esse
1181 2785 1253 2832 eon-

21 2860 24 2941 s
127 2866 240 2932 firmat.
268 2884 323 2933 nec
349 2868 507 2953 intellegit
532 2868 676 2935 offuscari
702 2888 721 2935 a
747 2887 779 2933 se
804 2872 837 2935 et
861 2871 996 2953 quolam
1021 2872 1113 2937 modo
1138 2870 1255 2936 aboleri

21 2954 24 2973 ’
128 2968 314 3036 christianae
334 2972 439 3053 petrae
462 2972 630 3037 ueritatem
650 2970 705 3054 qui
727 2972 772 3038 sic
790 2973 897 3056 proiit
911 2974 943 3039 et
957 2974 1074 3039 ‹lesefit
1088 2974 1252 3039 unitatem.

21 3154 23 3163 y
127 3072 257 3139 Iudaeos
277 3074 382 3139 tamen
402 3074 546 3157 quamuis
561 3074 737 3160 ignorantia
752 3094 856 3142 caecos
872 3076 904 3141 et
918 3077 1104 3161 grauissimo
1118 3076 1254 3143 facinore

21 3258 22 3267 ἵ
89 3202 120 3243 aa
130 3176 312 3243 constrictos
327 3177 429 3243 zelum
443 3177 501 3243 Dei
516 3177 675 3262 apostolus
690 3176 803 3243 hahere
817 3178 988 3261 profitetur.
1011 3177 1183 3264 Stephanus
1198 3179 1253 3263 qui

127 3296 181 3360 per
210 3279 432 3345 successionem
460 3279 639 3347 cathedram
664 3279 753 3346 Petri
783 3280 895 3348 hahere
920 3300 954 3347 se
978 3282 1136 3365 praedicat
1164 3283 1252 3348 nullo

128 3380 274 3447 aduersus
294 3383 463 3449 haereticos
483 3382 549 3449 zelo
569 3382 730 3463 excitatur,
752 3384 919 3449 concedens
939 3383 1006 3449 illis
1024 3400 1085 3449 uon
1098 3384 1253 3451 modicam

128 3482 183 3547 sed
203 3484 372 3550 maximam
393 3484 511 3571 gratiae
532 3485 729 3568 potestatem,
751 3485 788 3551 ut
806 3485 892 3551 dicat
913 3503 964 3550 eos
978 3486 1010 3551 et
1024 3485 1186 3551 adseueret
1199 3506 1254 3569 per

46 3596 55 3615 ·
128 3587 277 3672 baptismi
298 3590 527 3655 sacramentum
548 3588 652 3655 sordes
673 3588 787 3655 ueteris
808 3588 944 3654 hominis
964 3588 1099 3667 abluere,
1124 3588 1254 3671 antiqua

86 3714 118 3755 ro
128 3691 238 3757 mortis
252 3692 377 3774 peccata
391 3692 514 3771 donare,
529 3692 761 3777 regeneratione
777 3692 902 3759 caelesti
917 3692 999 3759 filios
1013 3692 1074 3758 Dei
1088 3692 1198 3772 iacere,
1213 3693 1254 3759 ad

128 3796 284 3859 aeternam
307 3793 406 3859 uitam
429 3794 529 3861 diuini
552 3796 670 3861 lauacri
692 3795 935 3862 sanctificatione
954 3814 1105 3877 reparare.
1131 3814 1210 3879 quae
1225 3796 1254 3863 si

229 3980 484 4044 hmwfflffi

180 4134 566 4205 lquantloEe.1.m.2‚ora
581 4135 605 4206 <l
731 4135 788 4190 iet
800 4152 849 4191 orn.
862 4136 900 4191 Μ
908 4136 980 4205 (ccli
998 4135 1033 4208 Q)
1153 4138 1253 4193 tordi-

126 4218 265 4275 nationem
280 4220 304 4291 Q
389 4221 422 4276 13
434 4226 519 4278 morte
531 4238 581 4277 orn
595 4222 645 4276 ΕΙ
728 4224 763 4278 14
774 4227 869 4293 aperta
883 4224 906 4295 Q
990 4224 1025 4279 22
1036 4224 1171 4280 obfuscari
1183 4224 1218 4281 Io

128 4303 229 4358 adoleri
246 4305 269 4374 Q
405 4308 440 4362 24
452 4308 621 4378 ignorantiae
634 4308 707 4380 EIQ
851 4310 886 4364 28
897 4310 998 4365 diceret
1012 4311 1036 4382 Q
1171 4326 1216 4365 eos
1228 4311 1254 4376 1,

125 4388 168 4443 eis
180 4390 234 4461 EQ
335 4410 382 4463 per
394 4410 444 4450 orn.
458 4394 496 4448 M
505 4394 577 4463 (ech.
594 4394 629 4465 Q)
740 4394 775 4450 30
786 4395 835 4450 deo
849 4396 872 4467 Q
884 4394 938 4465 (dei
949 4396 997 4467 Μ)
1107 4398 1141 4451 31
1153 4395 1253 4451 sancti·

128 4474 278 4531 ficationem
293 4478 316 4549 Q
419 4480 522 4549 quaesi
535 4479 615 4552 W,
629 4481 713 4551 quisi
726 4482 830 4553 ooqni
843 4482 878 4538 Io
