3242 5159
389 496 452 563 824
788 494 935 549 Caecilii
952 492 1113 562 Cypriani
1546 559 1547 590 ἱ

1546 609 1547 682 i

388 650 537 717 biberit
566 651 728 717 calicem
751 650 908 717 Domini
928 651 1106 737 indigne,
1133 653 1325 719 senserit
1347 654 1499 735 corporis
1546 689 1547 736 ι

388 756 427 821 et
449 754 656 840 sanguinis
679 753 843 820 Domini.
1546 739 1547 746 ἵ

337 867 378 930 22
431 856 495 923 Nos
511 858 607 923 etiam
621 858 694 923 illos
709 876 784 941 quos
800 858 904 941 niqui
918 860 1005 941 prius
1020 859 1055 924 in
1069 858 1199 924 ecclesia
1212 859 1374 925 catholica
1386 860 1498 942 episcopi

389 960 512 1027 fuerant
526 962 558 1025 et
572 961 772 1045 postmodum
791 961 854 1027 sibi
873 962 1064 1044 potestatem
1085 962 1217 1028 clericae
1236 962 1439 1028 ordinationis
1454 964 1499 1027 ad·

389 1066 545 1131 sumentes
560 1064 794 1149 baptizanerant
808 1085 864 1148 pro
875 1083 936 1131 non
946 1066 1113 1149 baptizatis
1127 1066 1287 1131 habendos
1301 1066 1513 1131 iudicauimme

388 1168 421 1233 et
435 1167 492 1233 hoo
514 1166 596 1251 apud
617 1185 672 1233 nos
692 1167 884 1251 obserantur,
907 1169 944 1234 ιιι
957 1168 1145 1251 quicumque
1159 1168 1199 1233 ab
1213 1168 1282 1233 illis
1303 1169 1399 1235 tincti
1411 1168 1445 1234 cd
1457 1186 1497 1233 nos

389 1270 520 1337 ueniunt
533 1272 694 1353 tamquam
709 1270 803 1337 elieni
819 1274 851 1337 et
865 1271 946 1337 nihil
960 1272 1117 1338 consecuti
1131 1270 1223 1337 unico
1237 1272 1271 1337 et
1283 1290 1362 1336 uero
1375 1271 1498 1336 ecclesiae

389 1374 559 1441 catholicae
587 1374 745 1457 baptismo
774 1374 857 1457 apud
881 1392 938 1441 nos
963 1375 1169 1457 baptizentur,
1199 1376 1237 1440 ut
1261 1374 1386 1441 lauacri
1412 1374 1498 1439 uitalis

389 1476 650 1563 regenerationem
677 1479 912 1561 consequantur.
938 1480 1099 1545 ettamen
1123 1478 1262 1543 multum
1285 1478 1418 1543 interest
1435 1478 1499 1541 inter

389 1600 461 1645 eum
481 1580 534 1663 qui
549 1580 669 1647 inuitus
684 1583 716 1647 et
729 1572 913 1647 necessitate
928 1581 1151 1665 persecutionis
1166 1582 1293 1647 coactus
1308 1581 1463 1647 succubuit
1473 1582 1519 1643 oto

389 1682 483 1753 illum
494 1684 549 1766 qui
564 1684 714 1770 sacrilega
729 1684 892 1751 uoluntate
905 1684 1007 1751 audax
1021 1686 1128 1751 contra
1142 1685 1310 1751 ecclesiam
1324 1684 1449 1751 rebellat
1460 1682 1498 1748 uel

390 1786 423 1851 in
446 1786 573 1853 Patrem
597 1788 629 1852 et
643 1788 744 1853 Deum
759 1786 877 1853 Christi
900 1789 932 1854 et
950 1788 1049 1855 totius
1071 1788 1181 1853 mundi
1206 1788 1402 1855 conditorem
1421 1788 1500 1868 impia

390 1908 464 1957 uoce
485 1890 689 1973 blasphemat.
711 1893 743 1957 et
757 1910 819 1957 non
838 1892 936 1973 pudet
950 1890 1143 1972 Stephanum
1162 1891 1220 1955 hoc
1240 1890 1396 1969 adserere,
1416 1892 1448 1955 ut
1458 1906 1499 1973 por

389 2011 451 2073 eos,
465 1990 541 2081 [qui]
558 2012 629 2059 oum
642 1994 702 2077 ipsi
715 1994 746 2059 in
758 1994 902 2060 omnibus
912 1994 1047 2077 peccatis
1061 1993 1126 2059 sint
1140 1994 1319 2073 constituti,
1335 1994 1419 2059 dicat
1430 2010 1500 2075 posse

390 2098 602 2165 remissionom
623 2098 819 2181 peccatorum
842 2098 919 2177 dari,
941 2098 1030 2180 quasi
1051 2097 1151 2181 possit
1171 2116 1237 2165 esse
1251 2098 1287 2163 in
1303 2099 1397 2163 domo
1409 2094 1519 2161 morbac

389 2198 551 2266 laneorum
567 2200 690 2267 salutis.

339 2310 380 2375 28
433 2302 495 2368 Vbi
516 2321 588 2389 ergo
603 2302 759 2387 eritqnod
774 2304 924 2385 scriptum
940 2305 1003 2369 est:
1026 2304 1071 2370 ab
1093 2323 1190 2387 aqua
1211 2304 1348 2371 aliena
1369 2301 1498 2369 abstine

390 2408 428 2473 te
449 2408 487 2473 et
509 2425 528 2472 a
550 2406 657 2474 lonte
679 2407 809 2473 alieno
832 2426 877 2471 ne
897 2407 1064 2486 biberis,
1086 2407 1115 2473 si
1131 2408 1241 2473 relicto
1261 2408 1412 2473 ecclesiae
1431 2405 1497 2469 ionic

391 2510 513 2597 signeto
538 2511 672 2577 alienam
698 2529 811 2593 aquam
835 2528 890 2594 pro
913 2512 969 2577 tua
993 2510 1143 2593 suscipies
1167 2512 1200 2577 et
1221 2510 1362 2593 profanis
1384 2507 1498 2574 lontibus
1552 2559 1553 2562 ,

390 2613 551 2681 ecclesiam
577 2614 714 2697 polluis?
740 2613 863 2697 quando
890 2614 974 2679 enim
998 2614 1154 2697 baptismo
1179 2614 1410 2681 haereticomm
1429 2627 1518 2676 oon-s

390 2717 541 2797 municas,
563 2717 638 2801 quid
659 2718 745 2783 aliud
766 2737 862 2801 quarn
877 2718 916 2784 cle
930 2718 1078 2802 uoragine
1092 2719 1124 2783 et
1139 2736 1231 2783 caeno
1245 2718 1379 2783 illorum
1392 2712 1498 2783 bibiso

389 2820 456 2902 ipso
478 2820 624 2887 ecclesiae
647 2819 892 2887 sanctificatione
914 2821 1067 2906 purgatus
1090 2821 1266 2887 alienarum
1284 2821 1423 2886 sordium
1440 2835 1498 2883 con·

390 2924 526 2989 tactibus
550 2924 743 3008 inquinaris?
770 2942 827 2989 nec
848 2925 964 2989 metuis
986 2924 1140 2990 iudicium
1160 2924 1220 2990 Dei
1240 2924 1406 2990 haereticis
1425 2918 1498 2986 ccci·

391 3026 530 3093 monium
552 3030 658 3093 contra
678 3027 842 3094 ecclesiam
864 3026 1038 3111 perhibens,
1059 3046 1133 3094 cum
1146 3029 1300 3111 scriptum
1315 3028 1374 3093 sit:
1396 3024 1498 3092 falsus

390 3131 508 3197 tostis
522 3148 593 3196 non
608 3131 929 3215 eritinpunitus?
944 3131 1130 3213 quinimmo
1146 3127 1517 3197 tubaeroticisomnibnss

390 3234 475 3317 peior
490 3252 531 3299 es.
558 3252 631 3299 nem
651 3253 722 3301 cum
743 3232 815 3299 inde
834 3233 931 3299 multi
951 3234 1076 3319 cognito
1097 3251 1198 3299 errore
1218 3251 1275 3299 suo
1289 3234 1334 3299 acl
1347 3236 1380 3299 te
1392 3228 1497 3297 umiant

391 3339 428 3403 ut
448 3337 594 3403 ecclesiae
615 3355 724 3403 uerum
744 3336 852 3402 lumen
872 3336 1036 3421 accipiant,
1058 3338 1095 3403 tu
1114 3336 1312 3402 uenientium
1333 3353 1442 3403 errores
1453 3330 1497 3396 ol-

390 3442 480 3507 iuuas
495 3442 526 3506 ei
541 3442 704 3507 obscurato
719 3439 838 3507 lumine
853 3440 1079 3506 ecclesiasticae
1094 3438 1239 3506 uenmtis
1252 3440 1397 3505 tenebras
1409 3437 1496 3502 hacto

390 3544 469 3611 ticae
489 3545 588 3611 noctis
609 3542 800 3621 cucumulae,
823 3560 954 3626 cumque
974 3561 1007 3608 se
1030 3542 1080 3608 illi
1095 3540 1279 3625 inpeccatis
1301 3560 1370 3607 esse
1388 3542 1418 3605 el
1430 3533 1495 3602 nihil

391 3648 509 3733 gratiae
526 3646 642 3713 habere
657 3666 690 3713 se
705 3664 741 3711 ec
755 3646 917 3729 propterea
930 3646 971 3711 acl
984 3645 1147 3713 ecclesiam
1166 3646 1273 3711 uenire
1293 3644 1450 3719 famantur,
1467 3639 1517 3704 tu.

390 3751 436 3818 eis
457 3751 670 3818 remissionem
689 3752 886 3835 peccatomm
906 3749 1064 3815 subtrahis
1085 3766 1163 3833 quae
1183 3749 1217 3813 in
1236 3747 1394 3831 baptismo
1413 3743 1496 3814 um.

495 3966 527 4021 17
546 3964 623 4019 hou
642 3964 666 4031 9,
686 3964 726 4019 18.
796 3964 833 4019 24
849 3964 927 4018 Prona
947 3964 988 4029 19,
1007 3962 1032 4016 5.

443 4160 461 4215 3
474 4177 540 4230 quos
551 4179 601 4219 oon.
614 4162 651 4217 Μ
653 4167 659 4197 ¹
677 4163 749 4231 (cab.
762 4161 849 4231 M‘Q)
926 4161 1010 4217 coici
1022 4161 1185 4231 potestatem
1196 4157 1252 4242 sibi
1263 4156 1295 4210 E
1368 4148 1495 4210 bhtbeudo

393 4247 466 4317 Mo*
573 4250 634 4304 8ιιι
646 4247 774 4317 1101,οι
786 4246 890 4318 Elem
1000 4246 1035 4301 14
1047 4244 1204 4301 cumcunl
1305 4238 1465 4319 dicantllQ¹

395 4336 427 4391 17
439 4334 546 4389 abstine
557 4338 596 4405 tc]
610 4336 744 4390 abstinete
756 4335 787 4389 Ε
928 4334 961 4387 19
973 4348 1044 4403 aqua
1056 4334 1090 4388 Μ
1103 4334 1211 4399 (aquam
1226 4327 1261 4398 Q)
1401 4320 1495 4391 suabis

395 4420 493 4491 Q'Eio
579 4422 612 4475 21
626 4420 736 4475 imbibis
749 4420 775 4485 I,
788 4419 872 4475 inibis
883 4418 919 4485 E,
932 4418 1009 4473 niues
1021 4419 1064 4481 Μ,
1078 4417 1149 4471 uiuis
1164 4414 1200 4486 0¹
1293 4416 1329 4471 29
1340 4416 1368 4470 in
1377 4430 1423 4469 on.
1434 4406 1491 4477 ΜΨ
