3242 5159
584 517 942 628 Epistulam-XXI.
1260 557 1323 624 529

199 717 361 797 sententia,
383 737 423 782 ne
437 718 526 782 actus
547 715 652 781 nester
673 715 727 797 qui
749 713 904 779 adunatus
926 730 992 779 esse
1006 714 1038 778 et
1052 713 1222 779 consentire
1245 713 1327 778 circa

202 822 306 889 emnia
321 819 413 886 debet
426 819 460 885 in
471 818 575 901 alique
590 817 786 901 discreparet.
802 818 894 901 plane
909 819 1080 882 ceterorum
1095 833 1201 882 causas
1216 835 1326 898 qnam-

201 926 252 992 nis
272 923 380 992 libelle
395 943 414 990 a
429 922 619 1006 martyribus
640 922 765 1005 accepte
783 919 910 986 differri.
927 920 1074 986 mardani
1096 921 1128 985 et
1142 919 1176 984 in
1189 921 1328 986 nestrum

200 1028 408 1114 praesentiam
429 1027 590 1105 reseruari,
612 1028 649 1091 ut
669 1043 740 1091 cnm
760 1043 835 1109 pace
850 1043 869 1090 a
883 1023 1016 1089 Domino
1034 1023 1123 1088 nubis
1138 1022 1212 1088 data
1226 1022 1330 1105 plures

181 1132 373 1217 spraepesiti
399 1130 561 1197 conuenire
582 1129 616 1194 in
637 1147 737 1194 unum
759 1127 959 1210 coeperimus,
988 1126 1212 1192 communicatu
1234 1127 1330 1192 etiam

202 1234 366 1303 nobiscnm
395 1233 522 1300 consilio
551 1232 713 1315 disponere
741 1229 865 1316 singula
892 1230 944 1296 nel
971 1228 1137 1296 reformare
1165 1231 1329 1312 pessimus.

204 1339 278 1422 epte
298 1357 365 1418 uus,
388 1337 500 1403 frates
522 1335 686 1415 canssimi,
709 1353 830 1418 semper
851 1334 928 1400 bene
949 1333 1061 1400 ualere.
1086 1389 1090 1410 ,

485 1625 874 1738 uersuum
911 1623 1056 1738 aru
1097 1587 1100 1616 ’

575 1830 774 1888 cuLuRmVs
795 1829 963 1888 LVCIANO.

173 2034 199 2073 ιο
249 2003 336 2102 Haec
357 2023 428 2070 cum
450 2005 511 2072 tibi
535 2004 712 2083 scriberem,
735 2004 868 2070 Domine
891 2003 997 2083 frater,
1021 1995 1159 2090 mudena
1179 2004 1212 2069 et
1231 2002 1359 2075 tristisl

208 2126 302 2188 eram,
330 2109 468 2194 gaudens
489 2125 524 2173 ec
545 2109 626 2191 quod
647 2107 802 2174 audierim
822 2110 855 2173 te
868 2124 923 2190 pre
947 2105 1070 2172 nemine
1085 2106 1212 2172 Domini
1234 2107 1335 2171 nestri

207 2211 279 2278 Iesu
305 2209 422 2278 Christi
447 2210 613 2278 saluatoris
637 2212 736 2278 nostri
761 2212 885 2276 tentum
911 2210 963 2276 uel
989 2209 1078 2275 illine
1103 2228 1215 2276 nomen
1241 2226 1334 2292 penes

136 2335 140 2347 ¹
208 2316 413 2400 magistratus
427 2315 521 2382 huius
536 2314 645 2381 mnndi
660 2313 844 2397 confessum,
861 2313 962 2380 tristis
978 2314 1084 2379 autem
1098 2313 1132 2378 in
1147 2329 1181 2378 ec
1197 2311 1280 2395 qued
1294 2310 1333 2376 ab

101 2451 109 2472 ο
209 2436 244 2485 ec
265 2437 302 2485 ex
315 2436 375 2502 quc
390 2419 422 2485 te
436 2418 550 2485 deduxi
571 2437 743 2500 numquam
763 2418 887 2484 litteras
907 2418 978 2482 tuas
1000 2416 1138 2499 accipere
1158 2415 1256 2500 potui.
1283 2414 1334 2480 uel

174 2540 289 2591 suune
309 2522 401 2587 mede
421 2522 536 2606 duplex
554 2521 634 2587 mibi
653 2520 786 2587 tristitia
806 2519 948 2586 incubuit
970 2518 1050 2602 qncd
1065 2518 1250 2584 Montanum
1270 2516 1334 2582 lra-

207 2626 289 2713 trem
304 2627 446 2692 nostrum
462 2643 657 2692 communem
672 2625 727 2691 abs
738 2627 770 2690 te
781 2626 820 2690 de
834 2641 953 2690 carcere
968 2623 1072 2689 adme
1087 2641 1153 2689 esse
1167 2622 1335 2688 uenturum

212 2729 330 2795 sciebas
345 2729 377 2795 et
392 2728 429 2793 de
444 2729 615 2796 salutatus
630 2728 682 2795 nel
697 2728 771 2812 quid
786 2745 879 2813 penes
894 2729 926 2794 te
942 2727 1054 2812 agatur
1068 2725 1147 2792 mihi
1161 2744 1222 2792 nen
1237 2725 1335 2812 signi-

208 2832 359 2899 ficaneris.
387 2832 442 2898 sed
463 2831 522 2897 hec
536 2833 616 2898 sclet
630 2832 807 2917 contingere
822 2830 920 2897 seruis
934 2831 1003 2910 Dei,
1024 2829 1159 2897 manime
1174 2830 1219 2896 eis
1234 2827 1287 2911 qui
1302 2828 1336 2893 in

210 2933 398 3001 mnfessicne
414 2932 532 3000 Christi
546 2937 621 3001 sunt
635 2935 807 3002 constituti.
830 2934 893 3001 scic
909 2934 992 3000 enim
1008 2933 1154 3017 qnoniam
1168 2931 1335 3014 unusquis·

174 3056 269 3122 seque
281 3038 346 3104 iam
362 3055 440 3161 quae
455 3039 529 3104 sunt
543 3039 659 3106 saeculi
673 3056 734 3105 non
749 3039 895 3118 attendit,
917 3037 1063 3121 queniam
1078 3053 1219 3103 ceronam
1236 3035 1335 3102 caele·

260 3277 489 3346 lscntentismtl
568 3279 770 3350 censentiretQ
854 3277 1017 3348 squammis]
1030 3277 1153 3348 quamN
1234 3278 1336 3333 3acee-

208 3365 267 3435 pite
283 3363 307 3435 Q
386 3366 426 3434 et]
437 3366 470 3419 nt
481 3365 512 3420 F
588 3367 682 3421 nostra
693 3365 847 3435 praesentia
859 3364 914 3435 FQ
998 3364 1060 3419 dut
1071 3378 1105 3419 ea
1116 3365 1145 3419 et
1160 3361 1238 3432 Qut
1249 3365 1295 3430 Μ)

208 3451 283 3522 pace]
295 3466 312 3504 a
323 3466 388 3522 pace
400 3451 427 3507 L
517 3452 536 3506 5
547 3452 707 3522 praepositis
722 3451 746 3523 Q
837 3452 961 3526 inunum
973 3449 1113 3507 conuenire
1124 3450 1159 3505 N
1246 3451 1263 3504 6
1275 3465 1336 3505 cun·

209 3536 339 3608 silian
406 3538 451 3593 nel
460 3537 496 3604 F,
508 3539 537 3592 et
548 3538 649 3608 LNQv
718 3539 871 3610 'leptamus
880 3541 915 3596 F.
930 3567 961 3580 -
973 3539 1017 3594 Ad
1028 3538 1129 3594 clerum
1140 3536 1239 3592 Romae
1251 3536 1336 3605 expli-

208 3625 247 3680 cit
258 3625 294 3695 F,
306 3623 349 3680 11
359 3623 493 3679 Romanus
504 3623 554 3695 (ΙΙ.
568 3623 633 3680 cdd.
649 3626 684 3696 Q)
696 3626 810 3696 explicit
821 3626 950 3697 (explicat
964 3627 1001 3698 L)
1013 3625 1104 3696 LNQ.
1117 3653 1150 3666 —

239 3755 244 3764 .
260 3711 349 3781 Epist.
361 3709 434 3766 m.
446 3709 592 3781 -Incipit
603 3711 719 3782 epistula
730 3711 847 3769 Celerini
859 3712 894 3769 nd
905 3712 1052 3770 Luciannm
1064 3716 1158 3786 petens
1169 3730 1216 3786 pro
1228 3716 1337 3772 nomine

211 3797 357 3854 Numerius
374 3799 403 3853 et
419 3796 555 3855 Candidus
571 3799 604 3852 ut
620 3813 666 3853 eas
683 3798 714 3852 in
730 3803 834 3855 mente·
853 3799 979 3856 haberat
996 3816 1064 3870 quae
1075 3800 1203 3856 Numeria
1220 3805 1251 3856 ut
1268 3801 1337 3856 dicit

210 3884 360 3954 praemium
371 3883 447 3939 dedit
458 3899 492 3938 ne
503 3883 684 3939 sacrificarent
695 3885 726 3950 Τ,
738 3885 862 3955 Epistola
874 3886 991 3944 Celerini
1003 3886 1038 3943 nd
1046 3887 1195 3943 Luciannm
1207 3888 1275 3944 conf.
1288 3904 1337 3958 pro

210 3969 295 4041 lapsis
317 3971 466 4026 orationem
487 3972 515 4025 et
535 3968 694 4040 suffragium
715 3969 931 4042 deprecantem,
952 3973 1069 4030 Celerini
1090 3974 1284 4030 adhucianum
1304 3978 1336 4030 nt

210 4057 312 4112 scribat
332 4057 359 4112 ei
377 4059 406 4111 et
425 4055 570 4112 subueniat
581 4056 710 4111 Numerio
731 4058 759 4111 et
771 4056 889 4113 Candide
910 4059 994 4129 lapsis
1006 4075 1038 4115 w.
1051 4090 1084 4101 -
1097 4060 1114 4115 9
1125 4060 1242 4117 Iunciano
1264 4061 1336 4116 salu·

210 4144 295 4198 teme
376 4143 411 4198 10
419 4144 474 4199 tibi
485 4159 581 4211 cunrp
665 4143 699 4198 12
709 4143 826 4200 tenitnm
842 4145 867 4197 Τ
941 4146 995 4216 nel]
1007 4149 1035 4201 et
1046 4161 1088 4204 wc
1157 4163 1238 4217 penes
1249 4148 1337 4216 magi·

211 4230 314 4284 susus
328 4229 360 4295 F,
379 4231 559 4301 magistratus
576 4247 672 4302 poenes
685 4253 707 4302 φ
795 4231 829 4286 13
840 4232 875 4285 ab
888 4231 928 4301 ec]
941 4231 1027 4288 habac
1042 4233 1068 4286 Τ
1150 4234 1185 4289 14
1195 4234 1251 4304 nel]
1264 4237 1292 4289 et
1303 4251 1336 4303 c‚·

211 4315 247 4381 cf.
256 4330 288 4385 p.
300 4317 382 4385 5309
451 4318 485 4373 15
496 4317 679 4374 inconcnmbit
689 4335 715 4374 w
778 4317 857 4388 qnod]
870 4317 940 4388 quod
952 4333 1041 4376 cume
1097 4323 1240 4376 montanus
1252 4321 1337 4375 frater

210 4402 303 4456 noster
314 4403 461 4458 eommunis
477 4406 503 4458 Τ
568 4405 601 4459 11
613 4405 730 4461 sciebam
746 4405 777 4471 Τ,
791 4405 893 4460 scribas
910 4405 997 4461 Ocea.
1062 4406 1144 4476 etde]
1158 4409 1186 4460 et
1200 4407 1231 4474 Τ,
1243 4406 1303 4462 dec

212 4486 246 4541 18
257 4484 314 4557 sed]
326 4489 356 4542 et
371 4488 458 4544 Oxou.
528 4493 557 4545 in
569 4506 620 4547 cra.
633 4511 656 4561 φ
726 4492 760 4548 19
771 4491 964 4548 mulessiunem
979 4492 1005 4548 Τ

314 4593 437 4641 m.-
1089 4569 1207 4649 34'
