3242 5159
346 517 412 584 502
747 511 892 568 Caecilii
909 510 1071 582 cypriani

345 669 611 755 perseuerantinm
638 667 751 735 fiducia
779 668 937 754 glorietur.
969 671 1041 754 opto
1070 687 1135 749 uos,
1166 669 1278 736 fratres
1308 669 1485 750 carissimi,
1601 649 1602 658 ἵ

347 791 468 858 semper
497 774 573 839 bene
601 772 705 838 ualere
733 774 765 837 et
793 772 892 838 nostri
921 773 1108 870 meminisse.
1143 773 1372 840 fraternitatem
1403 791 1487 839 meo

345 879 469 946 nomine
483 878 618 945 salutate
632 878 664 943 et
678 877 715 942 ut
729 875 829 942 nostri
842 876 1041 942 meminerint
1055 876 1227 942 admonete.
1245 877 1358 944 ualete.

647 1221 1014 1334 EPISTVLA
1049 1221 1171 1334 XII.

401 1445 601 1503 GYPRIANVS
618 1443 858 1500 PRESBYTERIS
875 1443 920 1499 ΕΤ
938 1443 1158 1502 DIAOONIBVS
1175 1443 1374 1501 sternuere
1393 1447 1420 1500 S.
1492 1459 1509 1498 s

318 1668 334 1731 1
390 1656 586 1738 Quamquam
600 1657 696 1722 scium
711 1674 776 1734 nos,
799 1654 912 1722 fratres
927 1654 1089 1734 carissimi,
1105 1653 1222 1722 litteris
1236 1655 1315 1721 meis
1329 1656 1481 1739 frequen·

345 1761 395 1826 ter
420 1759 592 1825 admonitos
618 1777 683 1825 esse
709 1758 745 1823 ut
770 1757 904 1843 gloriosa
928 1776 1002 1824 noce
1023 1756 1193 1823 Dominum
1220 1758 1365 1825 confessis
1385 1761 1419 1825 et
1440 1761 1480 1827 in

346 1881 466 1932 carcere
479 1861 657 1928 constitutis
672 1862 772 1928 omnis
787 1860 955 1945 diligentia
968 1861 1163 1943 praebeatur,
1182 1861 1286 1926 tamen
1301 1861 1478 1928 identidem

345 1966 434 2032 nobis
458 1965 612 2042 incumbo,
638 1985 677 2030 ue
700 1964 776 2048 quid
795 1963 835 2030 ad
855 1983 961 2029 curem
983 1964 1065 2029 desit
1085 1964 1135 2029 his
1159 1964 1271 2048 quibus
1285 1965 1324 2030 ud
1339 1964 1478 2051 gloriam

344 2069 426 2136 nihil
436 2069 530 2134 deest.
547 2068 646 2150 adque
660 2067 782 2133 utinam
796 2067 857 2132 loci
873 2067 904 2132 et
918 2067 1031 2152 gradus
1045 2067 1109 2133 mei
1124 2067 1260 2134 condicio
1275 2068 1477 2153 permitteret
1487 2088 1517 2128 se

344 2176 381 2241 ut
400 2175 467 2259 ipse
485 2192 566 2239 nunc
587 2189 729 2256 praeseus
748 2189 814 2237 esse
833 2189 970 2255 possem:
993 2172 1153 2254 promptus
1168 2172 1199 2236 et
1213 2171 1314 2238 libens
1329 2172 1477 2238 sollemni

344 2275 517 2343 ministerio
536 2276 647 2341 cuncta
667 2275 749 2340 circa
762 2273 947 2340 fortissimos
963 2273 1074 2340 iratres
1088 2275 1208 2340 nostros
1223 2275 1400 2341 dilectionis
1415 2276 1477 2342 ob·

344 2379 451 2463 sequia
470 2380 664 2463 complerem.
688 2377 742 2443 sed
762 2375 899 2444 officium
919 2396 1026 2443 meum
1045 2379 1151 2444 nestra
1172 2377 1338 2462 diligentis
1351 2398 1477 2462 reprae-

345 2482 447 2548 sentet
462 2484 494 2548 et
508 2480 605 2547 faciat
625 2480 727 2546 omnia
741 2499 821 2563 quae
834 2477 900 2545 fieri
916 2481 1036 2562 oportet
1052 2480 1133 2546 circa
1148 2498 1198 2546 eos
1214 2499 1289 2564 quos
1304 2481 1337 2546 in
1352 2482 1476 2548 talibus

344 2585 466 2652 meritis
486 2583 558 2650 fidei
573 2603 608 2651 ae
622 2584 750 2650 dimotis
771 2602 845 2649 sues
866 2582 1049 2656 inlustruuit
1065 2584 1172 2650 diuina
1187 2585 1335 2670 dignatio.
1364 2603 1476 2668 eorpo-
1487 2602 1517 2642 ιι

343 2689 431 2755 ribns
456 2689 554 2754 etiam
579 2687 729 2768 omniurn,
752 2687 882 2770 quiesci
896 2687 972 2753 torti
991 2689 1149 2768 densant,
1175 2688 1344 2754 incarcere
1365 2690 1477 2757 tumen

343 2793 477 2879 glorioso
498 2792 582 2859 exitu
604 2791 715 2857 mortis
736 2791 896 2870 excedunt,
918 2791 1104 2874 inpertiatnr
1118 2794 1150 2858 et
1165 2792 1334 2878 uigilantia
1349 2795 1382 2860 et
1396 2813 1479 2860 curs.

342 2895 530 2980 propensior.
557 2913 656 2978 neque
680 2895 763 2961 euim
788 2895 890 2960 uirtus
913 2913 1019 2961 eorum
1041 2895 1096 2962 aut
1115 2896 1212 2962 honor
1232 2898 1334 2962 minor
1348 2897 1395 2962 est
1410 2917 1475 2982 quo

343 3000 446 3065 minus
472 2999 533 3081 ipsi
556 3016 676 3082 qnoque
695 2997 777 3064 iuter
798 2999 903 3065 beatos
924 2999 1077 3082 martyras
1098 2999 1314 3085 adgregentur.
1340 3002 1423 3084 quod
1438 3003 1475 3067 in

394 3237 751 3306 lepte—tineleteous
769 3237 846 3309 01²0
913 3238 1122 3294 2etnostri...
1137 3240 1472 3296 ualetemale-Ad

341 3323 442 3378 clerum
460 3323 493 3378 de
509 3323 670 3394 deprecando
696 3324 744 3379 deo
769 3325 827 3394 (pro
853 3324 969 3395 peccatis
996 3326 1095 3380 uostris
1119 3325 1183 3380 cdd.
1210 3326 1333 3397 LNPQ)
1359 3326 1475 3396 explicit

347 3408 513 3480 OLNPQR,
532 3411 590 3464 aiei
605 3410 678 3480 qaod
695 3410 804 3480 explicit
822 3415 889 3466 ante
906 3411 940 3466 ad
957 3411 1056 3466 clerum
1071 3413 1153 3480 ponit
1168 3412 1224 3468 ΟΡ.
1244 3441 1276 3452 -

391 3495 478 3565 Epist
498 3495 564 3553 xm
581 3527 615 3536 -
632 3495 733 3566 Incipit
759 3496 880 3552 eiusdem
908 3497 1021 3568 (Incipit
1047 3496 1081 3552 ad
1104 3496 1273 3568 presbyteres
1296 3499 1324 3554 et
1345 3497 1473 3553 diacoms

341 3581 507 3652 [diaconibus
522 3582 558 3653 Τ]
576 3581 665 3647 BNT,
682 3582 783 3653 Incipit
795 3583 911 3638 eiusdem
923 3583 1006 3638 tertie
1017 3583 1056 3652 Ε)
1074 3583 1161 3638 uthis
1173 3583 1369 3640 comessoribus
1381 3585 1429 3654 qui
1439 3587 1469 3640 in

340 3685 445 3725 carcere
453 3672 517 3724 eunt
525 3670 668 3725 constituti
676 3669 927 3725 humanitasomnis
936 3669 1067 3741 (omnium
1077 3670 1282 3741 TJpraebestur
1289 3671 1469 3742 ELMNQT,

340 3753 442 3825 Incipit
459 3755 494 3810 ed
510 3756 611 3811 clerum
629 3771 659 3811 eo
677 3755 748 3826 quod
770 3772 823 3811 non
846 3757 937 3827 posset
959 3757 1059 3812 temere
1083 3756 1241 3828 mrthagine
1263 3744 1414 3828 (cartagine
1432 3758 1468 3821 α’,

340 3829 483 3912 certhsgifl
499 3843 537 3913 m)
554 3842 646 3897 uenire
664 3845 773 3912 propter
789 3841 968 3897 confessorum
987 3857 1096 3912 corpora
1113 3842 1161 3911 qui
1178 3843 1208 3898 in
1225 3858 1329 3898 carcere
1346 3842 1468 3898 reddide-

338 3929 404 3980 runt
421 3945 486 3998 eosq.
500 3957 532 3968 —
546 3929 563 3982 6
580 3929 664 3984 sciam
675 3929 732 3999 uos]
750 3927 867 3983 sciamus
882 3929 908 3983 1'
951 3928 967 3983 'l
986 3928 1135 3984 admonitos
1152 3945 1200 3984 uos
1216 3929 1242 3985 T
1256 3929 1305 3985 sed
1321 3945 1369 3986 uos
1379 3944 1400 3984 a
1413 3929 1434 3985 l.

338 3997 486 4085 induro
553 4015 573 4074 8
591 4031 722 4070 carcerem
734 4014 860 4085 E¹LQT
925 4015 942 4070 9
959 4031 992 4071 ne
1010 4016 1057 4085 qui
1069 4016 1107 4070 M
1120 4015 1165 4086 (ne
1184 4015 1249 4086 quid
1265 4016 1299 4088 Q)
1364 4015 1398 4070 iis
1415 4032 1437 4072 c

340 4103 375 4157 10
387 4109 451 4172 poet
468 4102 522 4157 mei
539 4118 595 4158 roa.
612 4106 631 4159 6
647 4103 701 4158 litt.
719 4103 753 4158 in
766 4103 793 4158 Τ
874 4103 907 4156 11
926 4101 1026 4173 possim
1044 4119 1061 4173 q
1134 4103 1284 4173 promptus]
1305 4102 1391 4158 fateor
1406 4116 1428 4157 a
1447 4101 1470 4156 l.

336 4189 446 4246 odor
512 4189 690 4245 l2cuutaN
753 4189 1298 4259 13uestralquaesoaddoete.t1'
1362 4203 1469 4258 reprae-

338 4277 447 4330 sentent
458 4275 486 4330 L
566 4274 600 4330 14
617 4278 645 4329 et
662 4291 712 4331 oea.
725 4275 799 4346 unq
878 4275 960 4331 isciet
972 4275 1036 4341 Εὀ,
1053 4275 1188 4345 iaciatque
1203 4275 1229 4331 1¹
1243 4273 1292 4332 sed
1308 4289 1360 4345 que
1376 4290 1396 4329 a.
1410 4274 1431 4331 1.

337 4361 549 4418 inercas'al'
621 4361 980 4432 nemuspatrium
1047 4362 1080 4417 16
1097 4373 1269 4432 nouomeg
1337 4375 1466 4416 carcerem

337 4449 422 4520 LQT
471 4448 505 4504 18
521 4447 607 4518 neqde
676 4446 858 4519 adgregentur
870 4465 920 4505 oua
934 4464 965 4520 eq
1018 4448 1050 4504 19
1062 4447 1157 4504 beatas
1169 4447 1197 4504 L
1248 4449 1378 4519 martyres
1390 4461 1439 4517 ego
