3242 5159
309 541 373 605 354
689 539 834 593 Caecilii
851 540 1012 608 Cypriani

309 695 431 760 narium
453 713 616 761 numerum
640 695 809 777 peruenire.
839 713 929 760 uanos
955 696 1096 763 uidemus
1121 700 1154 764 in
1179 701 1298 783 pueris,
1329 700 1437 782 capilli

310 798 457 864 deficiunt
479 800 643 881 antequam
669 800 824 877 creseunt,
847 817 903 864 neu
927 801 1013 865 aeas
1038 800 1071 865 in
1097 804 1286 869 senestutem
1310 803 1437 882 desinit,

311 901 365 966 sod
378 902 489 984 incipit
503 922 522 968 a
537 902 701 968 senectute.
725 902 770 967 sio
784 902 818 966 in
832 903 904 967 ortu
918 903 1018 969 adhue
1032 923 1089 968 suo
1111 905 1150 971 ad
1171 905 1264 971 finem
1284 907 1437 972 natiuites

310 1008 468 1089 properat,
491 1006 535 1071 sio
567 1005 779 1088 quodcumque
805 1025 887 1070 nuno
912 1007 1050 1073 nascitur
1075 1009 1184 1074 mundi
1206 1009 1306 1093 ipsius
1328 1028 1434 1075 senee-

311 1110 379 1175 tute
394 1110 573 1193 degenerat,
596 1109 632 1173 ut
657 1126 746 1174 nemo
771 1109 880 1174 mirari
906 1109 1017 1176 debeat
1043 1112 1167 1196 singula
1180 1113 1214 1178 in
1228 1113 1344 1179 mundo
1358 1112 1474 1181 deti-s

312 1230 379 1278 oere
405 1212 553 1295 ooepisse,
588 1231 658 1277 curn
684 1213 750 1294 ipse
776 1213 841 1278 iam
863 1214 998 1279 mundus
1020 1216 1149 1281 totusin
1163 1215 1335 1282 delectione
1349 1215 1392 1280 sit
1403 1219 1438 1281 et

312 1315 344 1381 in
366 1317 434 1381 fine.

283 1435 300 1495 5
355 1419 443 1499 Quod
457 1421 561 1486 antem
577 1420 712 1486 crebrius
727 1421 810 1486 bella
822 1423 1014 1501 continuant,
1031 1423 1112 1504 quod
1127 1422 1276 1488 sterilitas
1291 1426 1323 1488 et
1337 1422 1437 1487 fames

311 1524 552 1591 sollicitudinem
582 1524 760 1603 cumulant,
798 1527 880 1607 quod
909 1525 1117 1591 saeuientibus
1146 1526 1263 1591 morbis
1293 1526 1437 1591 ualitudo

311 1629 484 1714 frangitur,
507 1628 588 1709 quod
602 1627 774 1693 humanum
789 1647 885 1712 genus
911 1629 974 1694 luis
999 1630 1197 1712 populatione
1222 1633 1381 1709 uastatur,
1403 1633 1437 1694 et
1446 1654 1474 1693 ro

311 1732 368 1796 hoo
390 1733 469 1798 seiae
491 1749 556 1796 esse
577 1731 769 1814 praediolum
784 1732 817 1796 in
830 1733 1010 1798 nouissimis
1023 1734 1215 1816 temporibus
1229 1733 1437 1816 multiplicari

311 1835 394 1902 male
416 1837 448 1899 et
469 1835 597 1900 aduersa
612 1835 726 1900 uariari
743 1838 774 1901 et
789 1836 1052 1920 adpropinquante
1067 1839 1130 1902 iarn
1145 1838 1252 1901 iudicii
1268 1838 1318 1902 die
1332 1836 1436 1920 magis

311 1941 472 2024 armagis
499 1938 531 2004 in
556 1939 664 2025 plagas
689 1942 810 2024 generis
836 1941 965 2006 humani
991 1961 1151 2008 sensuam
1168 1941 1226 2006 Dei
1240 1939 1436 2024 indignantis

311 2043 443 2109 scandi,
467 2062 526 2128 non
550 2045 649 2124 enim,
671 2046 752 2111 siout
773 2047 829 2110 tua
843 2045 923 2110 falsa
937 2045 1130 2127 querimonia
1144 2047 1176 2109 et
1191 2043 1338 2128 inperitia
1351 2043 1436 2107 ueri-

311 2148 387 2214 tatis
401 2149 509 2232 ignara
523 2149 617 2213 iactat
631 2149 663 2213 et
678 2149 834 2228 cuntur,
857 2149 919 2214 ista
940 2149 1099 2230 accidunt,
1122 2147 1203 2231 quod
1227 2147 1272 2212 dii
1296 2146 1395 2212 uestri
1416 2163 1472 2213 ars

311 2250 400 2316 nobis
415 2269 474 2316 non
486 2251 633 2331 colantur,
650 2253 703 2316 sed
719 2253 799 2333 quod
815 2269 834 2316 a
848 2252 936 2316 uobis
950 2269 1010 2317 non
1025 2251 1145 2317 colatur
1159 2251 1253 2315 Deus.
1276 2269 1348 2315 nam
1363 2267 1436 2313 oum

312 2355 377 2436 ipse
399 2355 441 2420 sit
462 2355 571 2420 mnndi
593 2355 735 2420 domiuus
756 2358 788 2419 et
801 2358 901 2419 rector
916 2355 947 2419 et
962 2358 1073 2421 cuncta
1087 2355 1215 2420 arbitrio
1229 2355 1297 2420 eius
1310 2357 1342 2419 et
1356 2355 1436 2418 nutu

311 2461 460 2544 gerantur
480 2479 535 2525 nee
556 2461 721 2544 quiequam
736 2459 802 2524 lieri
818 2460 917 2541 possit
931 2460 993 2524 nisi
1008 2461 1090 2541 quod
1106 2462 1161 2524 aut
1175 2457 1283 2525 ferent
1297 2461 1353 2523 aut
1366 2455 1435 2523 fieri

312 2566 378 2647 ipse
392 2565 581 2647 permiserit,
604 2565 712 2647 utique
726 2564 848 2647 quando
863 2583 899 2629 ea
914 2563 993 2628 fiunt
1007 2584 1086 2646 quae
1100 2564 1181 2629 iram
1196 2564 1254 2629 Dei
1269 2562 1435 2647 indignan-

314 2668 357 2733 tis
372 2669 538 2734 ostendunt
564 2688 623 2733 non
648 2670 773 2751 proptor
798 2686 853 2733 nos
878 2669 958 2732 liunt
973 2687 992 2733 a
1006 2668 1118 2750 quibus
1133 2668 1217 2733 Deus
1232 2667 1360 2745 oolitur,
1382 2666 1474 2732 sedeo

316 2773 437 2837 delictis
452 2773 484 2838 et
498 2773 620 2838 meritis
636 2773 748 2838 uestris
763 2772 961 2856 inrogantur,
986 2771 1131 2854 aquibus
1145 2771 1230 2836 Deus
1245 2771 1368 2834 omnino
1383 2788 1439 2835 neo

316 2876 473 2959 quaeritur
486 2895 543 2941 neo
558 2877 689 2942 timetur
714 2893 769 2940 nee
795 2876 912 2941 relictis
939 2876 1027 2940 uanis
1042 2874 1314 2958 superstitionibus
1328 2872 1439 2958 religio

316 2999 390 3046 uera
404 2981 611 3064 cognoscitur,
635 2981 671 3043 ut
686 2979 740 3060 qui
755 2980 838 3043 Deus
854 2998 934 3043 nnus
949 2980 996 3042 est
1011 2977 1154 3043 omnibus
1169 2997 1248 3043 unus
1263 2977 1384 3042 solatur
1399 2977 1438 3041 ab

317 3086 459 3150 omnibus
475 3086 506 3149 et
520 3085 652 3168 rogetur.

285 3214 307 3275 ς
359 3189 466 3273 Ipsum
481 3188 610 3270 denique
626 3188 698 3252 audi
714 3189 900 3270 loquentem,
916 3189 1017 3268 ipsum
1030 3188 1105 3251 uoce
1116 3185 1223 3250 diuina
1234 3185 1477 3250 instruentema

316 3313 371 3359 nos
386 3296 417 3359 et
432 3294 624 3357 monentem:
647 3291 850 3356 Dominum
873 3291 993 3355 Deum
1016 3291 1125 3354 tuum
1149 3284 1275 3374 [inquit]
1298 3287 1440 3352 adora-

419 3501 453 3555 26
470 3501 548 3553 Deut.
562 3500 640 3561 b,13.

369 3671 582 3744 lperueniriW
631 3670 836 3725 ‘durescanth
882 3671 1017 3721 senectute
1026 3667 1070 3722 Ro
1121 3665 1312 3733 3inoepitW¹
1369 3664 1442 3717 nati·

318 3758 509 3829 uitaaipsaW
556 3757 772 3813 anaema
831 3752 1228 3810 bmirariexminariSea2
1290 3750 1443 3818 tooepiase

263 3873 265 3878 ¹
317 3845 428 3900 defluere
443 3845 526 3900 WRv
577 3843 768 3913 quandototus
781 3843 907 3911 ipseiam
918 3838 1032 3894 mundus
1045 3839 1127 3895 wne
1178 3838 1216 3890 sit
1228 3837 1267 3906 et]
1285 3835 1392 3891 aitetR

320 3931 427 3985 'lfinem
440 3931 489 3986 SR
540 3929 785 3985 deontineantW¹
842 3926 1229 3994 SuoumulantW(eteros.)
1281 3923 1315 3977 12
1331 3922 1444 3991 uariari]

319 4017 396 4072 uaria
408 4019 526 4087 grassari
537 4018 603 4083 fort.
674 4016 744 4072 diem
757 4017 784 4072 R
860 4015 894 4069 13
911 4013 1082 4083 indignandie
1095 4013 1135 4077 R,
1154 4009 1325 4080 ingignantis
1338 4010 1389 4065 W¹

320 4104 354 4159 15
372 4104 457 4159 iactat
467 4107 546 4174 ponit
557 4107 619 4174 post
630 4103 796 4174 querimonia
809 4101 837 4157 R
918 4101 951 4154 16
969 4099 1192 4167 eolatur]oolitur
1204 4099 1269 4164 sort.
1349 4096 1382 4149 17
1401 4110 1445 4147 ar-

319 4189 397 4245 bitrii
412 4192 440 4247 R
492 4192 525 4245 18
543 4191 734 4261 geranturaS¹
789 4189 826 4242 20
842 4187 934 4242 aodd.
949 4187 999 4242 W‘
1055 4187 1089 4239 21
1107 4181 1362 4239 nostrisetmeritis
1374 4181 1447 4234 inro-

319 4282 400 4348 gatur
408 4279 437 4334 R
505 4279 538 4333 22
551 4278 673 4347 queritur
682 4277 754 4340 WR,
767 4276 865 4330 oolitur
875 4275 910 4342 S‚·
922 4275 958 4340 cs.
965 4291 995 4342 p.
1006 4276 1068 4337 359,
1081 4274 1119 4326 23
1187 4269 1283 4339 religio
1295 4285 1330 4322 ex
1341 4267 1440 4321 relicto

319 4365 348 4420 R
409 4367 443 4421 26
461 4368 497 4435 et]
515 4368 543 4420 et
555 4381 597 4418 mo
609 4381 658 4418 nos
670 4366 697 4417 et
710 4364 733 4418 S
739 4404 744 4428 ,
762 4364 864 4433 pariter
876 4379 936 4417 aco
1013 4359 1103 4428 iuquit
1120 4356 1243 4412 adorabis
1261 4354 1295 4420 S,
1313 4351 1443 4408 adorabis

321 4455 412 4524 inquit
427 4451 510 4510 WRv
