3242 5159
504 432 683 503 Epistulae
699 430 871 487 LXVIlll.
890 448 912 487 a
930 433 1007 489 6—8.
1258 436 1320 501 757

191 590 382 657 inuocandus
398 588 503 655 luerat
516 587 722 654 inuocabant:
744 588 852 654 tanum
872 588 947 671 quia
966 589 1028 654 loci
1043 589 1093 655 sui
1108 590 1320 656 ministerium

192 692 381 777 transgressi
397 692 506 756 contra
521 690 626 756 Aaron
641 691 835 757 sacerdotem
849 692 904 774 qui
918 692 1126 759 sacerdotium
1140 692 1320 776 legitimum

195 794 374 880 dignatione
388 796 447 859 Dei
462 795 562 877 adque
576 794 770 861 ordinatione
784 795 913 861 Domini
926 797 1105 879 perceperat
1126 795 1320 863 sacrificandi

192 898 254 963 sibi
276 898 437 964 hcentism
459 898 714 979 uindicauerunt‚
741 899 895 964 diuinitus
916 899 1054 982 percussi
1076 917 1190 983 poenas
1210 900 1321 965 statim

34 996 39 1005 '
169 1019 249 1083 spro
267 1002 399 1069 inlicitis
421 1002 584 1068 conatibus
605 1002 825 1086 pependerunt,
846 1021 903 1067 nec
922 1004 1093 1086 potuerunt
1113 1004 1182 1068 rata
1201 1020 1268 1069 esse
1288 1003 1320 1066 et

190 1105 335 1187 proficere
351 1106 501 1173 sacrificia
516 1106 694 1192 inreligiose
709 1109 741 1171 ot
755 1105 876 1171 inlicite
889 1109 999 1172 contra
1013 1106 1063 1171 ius
1075 1106 1201 1172 diuinae
1212 1106 1318 1189 dispo·

191 1209 313 1274 sitionis
335 1208 449 1275 oblata.
473 1209 615 1276 turibula
635 1229 757 1293 quoque
777 1211 856 1294 ipsa,
877 1209 1045 1293 inquibus
1065 1210 1226 1275 incensum
1245 1209 1321 1275 inli-
1348 1190 1355 1214 ¹

193 1312 256 1377 cite
270 1313 373 1378 fuerat
387 1312 538 1393 oblatum,
565 1333 603 1379 ne
624 1314 657 1377 in
677 1332 770 1379 usum
791 1314 831 1379 de
850 1315 953 1379 cetero
972 1315 1077 1379 essent
1096 1312 1319 1391 sacerdotibus,

32 1496 33 1499 Ἴ
188 1416 244 1483 sed
258 1416 362 1499 potius
376 1416 601 1501 indignationis
612 1417 645 1483 et
655 1416 784 1482 ultionis
796 1414 920 1481 diuinae
930 1416 1115 1483 memoriam
1126 1415 1319 1501 corrigendis

32 1528 41 1607 ζ,
158 1520 325 1601 repostoria
346 1519 534 1598 exhiberent,
558 1520 646 1584 iussu
667 1520 795 1585 Domini
817 1519 949 1585 conflata
967 1520 1068 1602 adque
1088 1520 1159 1604 igne
1186 1522 1320 1605 purgata

32 1614 36 1641 ³
192 1622 374 1688 inluminas
395 1622 528 1688 ductiles
547 1624 761 1705 producuntur
781 1624 814 1688 et
833 1622 1015 1708 adfiguntur
1037 1622 1132 1689 altari
1150 1625 1321 1689 secundum

192 1725 273 1808 quod
304 1726 442 1809 loquitur
471 1726 626 1808 scriptura
652 1726 769 1791 diuina.
807 1725 1045 1804 memoriale,
1074 1726 1186 1809 inquit
1214 1726 1320 1792 filiis

191 1828 319 1894 Israel
355 1830 397 1894 ut
432 1848 504 1895 non
540 1830 704 1895 accedat
745 1830 950 1911 quisquam
991 1829 1216 1914 alienigena
1252 1830 1319 1912 qui

195 1949 269 1997 non
291 1935 350 1998 sst
372 1951 413 1998 er
442 1932 588 1998 somine
617 1932 750 1998 Aaron
779 1933 965 2014 inponere
995 1934 1199 1999 incensum
1229 1936 1320 1999 ante

31 2024 33 2029 ’
158 2036 398 2102 roDomiuum
422 2036 463 2101 ut
484 2053 556 2101 non
578 2036 632 2101 sit
653 2036 763 2101 sicut
787 2034 891 2101 (lore.
921 2037 954 2101 et
975 2038 1082 2101 tamen
1107 2037 1159 2101 illi
1183 2037 1320 2102 schisma

191 2157 252 2205 non
273 2139 407 2205 lecerunt
430 2158 485 2205 nec
506 2139 588 2206 foras
604 2140 720 2224 egressi
735 2140 844 2206 contra
858 2140 918 2205 Dei
940 2140 1114 2205 sacerdotes
1134 2140 1320 2223 inpudenter

195 2243 295 2325 adque
309 2243 466 2308 hostiliter
480 2242 719 2321 rebellauerant,
741 2243 824 2326 quod
844 2262 926 2309 nunc
944 2242 983 2312 hi
997 2243 1160 2309 ecclesiam
1175 2242 1318 2309 scinden-

190 2348 239 2411 tes
254 2348 407 2412 utcontra
427 2365 534 2429 pacem
550 2347 649 2429 adque
670 2346 825 2412 unitatem
846 2344 963 2412 Christi
983 2347 1115 2412 rebelles
1137 2346 1319 2413 cathedram

191 2448 253 2514 sibi
268 2449 454 2514 constituere
469 2451 502 2514 et
515 2450 686 2531 primatum
702 2450 866 2514 adsumere
880 2451 913 2515 et
926 2449 1107 2533 baptizandi
1122 2451 1222 2532 adque
1243 2450 1319 2517 offe·

30 2546 31 2551 ’
157 2553 282 2617 serendi
311 2550 471 2617 licentiam
506 2551 664 2618 uindicare
692 2552 853 2617 conantur.
882 2554 1035 2635 quomodo
1064 2554 1209 2635 perficere
1238 2572 1318 2637 quae

193 2658 292 2739 agunt
307 2658 362 2721 aut
377 2655 545 2739 impetrare
566 2655 686 2737 aliquid
707 2654 843 2720 inlicitis
863 2656 1025 2723 conatibus
1045 2657 1084 2722 de
1104 2659 1170 2723 Deo
1189 2659 1320 2739 possunt
1399 2682 1402 2685 ⁴

192 2759 246 2841 qui
260 2760 367 2824 contra
381 2759 483 2823 Deum
499 2759 581 2841 quod
596 2758 641 2825 sis
655 2774 716 2823 non
731 2758 806 2823 licet
821 2759 1019 2825 moliuntur?
1034 2778 1129 2843 quare
1142 2760 1197 2843 qui
1212 2760 1320 2826 Noua·

191 2862 277 2927 tiano
298 2862 365 2927 siue
388 2862 496 2927 ceteris
528 2862 681 2927 eiusmodi
708 2860 916 2927 schismaticis
941 2864 1176 2945 patrocinantur
1200 2863 1319 2929 frustra

191 2964 380 3031 contendunt
389 2965 542 3049 baptizari
553 2966 586 3030 et
598 2964 784 3031 sanctificari
795 2965 863 3031 illic
874 2967 1011 3049 aliquem
1022 2967 1153 3033 smutari
1163 2966 1319 3051 baptismo

154 3087 281 3152 seposse
295 3070 349 3135 uhi
365 3070 484 3135 constet
498 3062 708 3153 baptizantem
731 3068 911 3151 baptizandi
933 3070 1094 3137 licentiam
1115 3090 1176 3137 non
1196 3071 1318 3137 habere.

294 3256 328 3310 12
345 3256 424 3311 Num.
444 3256 486 3321 16,
504 3256 547 3310 40.

243 3428 257 3481 1
271 3428 344 3498 quia]
357 3414 442 3497 quob*
536 3428 626 3497 iqui·
639 3428 672 3494 L,
687 3430 751 3498 quia
764 3428 830 3500 0¹8
840 3430 899 3499 (qui
911 3430 1001 3500 MQ2)
1096 3432 1114 3485 3
1126 3430 1250 3501 dignatio
1262 3430 1286 3488 8

190 3514 292 3569 domini
304 3513 339 3577 L,
351 3512 395 3568 dei
407 3517 463 3583 atq.
478 3512 507 3579 S,
519 3530 569 3568 om.
587 3514 691 3586 OPQV
829 3516 1036 3586 perceperantS
1179 3518 1318 3573 lidiuinse

191 3616 241 3655 osu.
256 3600 278 3654 S
391 3600 406 3652 7
419 3600 560 3655 thuribula
572 3600 648 3672 Pes
760 3603 830 3673 ipsa]
843 3602 894 3656 ills
909 3602 932 3657 G
1046 3603 1184 3672 inquibus
1198 3620 1249 3658 orn.
1263 3594 1289 3659 S*

188 3687 295 3741 Susum
309 3686 360 3752 OS,
373 3702 423 3739 usu
435 3686 532 3757 LPQc
673 3688 691 3741 9
703 3689 731 3742 et
743 3688 855 3742 ultionis
867 3686 916 3742 osia
931 3688 954 3743 S
1089 3689 1249 3760 corrigentis
1262 3689 1286 3745 S

190 3770 406 3827 10eribersntb⁷
512 3773 543 3826 11
556 3772 700 3827 lamminas
712 3772 977 3844 L²PQ‚flammiuss
989 3776 1028 3830 L¹
1136 3775 1319 3846 stedi-igun-

189 3861 235 3912 tur
248 3858 275 3913 L
286 3858 308 3927 (l
319 3860 407 3929 arnol,
421 3874 470 3912 ora.
485 3856 508 3913 S
621 3860 654 3913 12
665 3862 694 3913 st
705 3859 828 3928 loquitur
843 3860 867 3916 0
977 3861 1010 3915 13
1022 3860 1063 3931 ut]
1077 3860 1140 3915 etri
1245 3878 1317 3919 rece·

188 3942 273 3999 datS
391 3930 481 3999 15di1
495 3942 519 3999 S
619 3945 656 3998 sit
668 3945 756 4000 orat*
858 3946 973 4001 sicutsx
985 3948 1062 4001 sicL
1165 3948 1246 4003 chore
1262 3950 1317 4018 Oc,·

190 4032 301 4098 pereant
313 4030 376 4084 add.
393 4030 446 4086 Os.
459 4030 477 4084 l.
548 4030 601 4085 sibi
613 4030 767 4087 schismati
841 4030 875 4086 16
887 4031 1069 4088 sacordotisb'
1134 4034 1317 4089 utmalros

191 4119 254 4169 rant
267 4116 321 4187 OS,
332 4116 531 4171 rebellauerunt
543 4116 571 4171 L
656 4118 697 4171 hii
711 4118 738 4173 L
749 4136 769 4173 r.
783 4119 800 4174 l.
893 4120 930 4173 20
941 4120 1019 4191 quac]
1033 4120 1103 4189 quod
1118 4122 1142 4177 0
1229 4122 1264 4176 21
1276 4122 1318 4175 in·

189 4200 317 4257 licitos&
434 4202 592 4258 conantibus
607 4203 642 4274 Q*
659 4204 810 4273 (conatibus
822 4204 912 4275 W)
1036 4207 1071 4261 22
1082 4208 1244 4263 nomtisuus
1256 4207 1284 4262 L

189 4286 224 4341 23
236 4287 293 4341 siue
306 4304 355 4343 oon.
372 4289 395 4344 0
502 4292 602 4345 ceteros
615 4288 643 4355 S,
657 4291 804 4359 ceterisque
820 4293 844 4348 0
945 4292 1131 4348 schismaticos
1144 4294 1180 4363 S,·
1191 4294 1255 4360 sort.
1269 4292 1318 4362 qui

189 4372 216 4427 N
217 4372 357 4428 ouatianos
370 4375 426 4428 siue
440 4377 541 4430 ceteros
553 4392 575 4431 s.
588 4376 776 4432 schismaticos
788 4378 836 4447 (cf.
849 4378 922 4447 App.
937 4381 1031 4447 54,12)
1131 4380 1166 4433 24
1178 4381 1206 4433 st
1218 4380 1319 4434 sancti·

188 4458 263 4513 ficari
275 4476 325 4515 ora.
339 4459 363 4514 S
463 4462 580 4517 salutare
593 4462 616 4519 S
715 4464 750 4519 25
761 4480 840 4535 possa
850 4466 879 4519 et
890 4464 919 4531 S,
931 4466 1018 4534 possit
1033 4465 1063 4530 C,
1074 4467 1164 4536 potest
1176 4465 1203 4519 L
