3242 5159
479 549 657 619 Epistulae
675 547 801 602 LXVII.
821 563 843 602 c
863 547 938 601 1-3.
1208 548 1269 614 737

140 707 266 772 torem
289 723 362 772 non
385 705 512 784 audit,
542 704 606 770 sed
629 704 694 787 qui
716 703 835 768 Deum
862 701 1035 768 coluerit
1063 706 1103 767 et
1133 701 1269 768 uolun-

142 810 267 874 tatem
300 808 383 874 eius
411 807 575 887 fecerit,
609 807 728 873 illum
763 807 884 872 audit.
918 808 1043 890 propter
1074 807 1269 889 qucdplena

143 911 309 996 diligentia
334 914 366 977 et
392 910 599 993 exploratione
626 911 745 976 sincera
771 927 822 975 eos
848 912 971 994 oportet
995 911 1036 976 ad
1062 910 1269 976 sacerdotium

24 1069 25 1072 ,
144 1014 205 1080 Dei
220 1014 316 1099 deligi
332 1031 408 1097 qnos
424 1033 443 1079 a
457 1013 521 1079 Deo
537 1014 656 1079 constet
670 1013 782 1079 audiri.

121 1145 133 1183 r
187 1118 253 1183 Nec
267 1118 329 1183 sibi
343 1118 432 1200 plebs
447 1117 625 1183 blandiatur
639 1116 729 1200 quasi
743 1117 881 1184 inmunis
896 1135 963 1183 osse
977 1136 996 1182 a
1010 1117 1152 1201 contagio
1165 1115 1300 1184 conada

144 1222 245 1306 possit
259 1239 332 1286 cum
347 1221 504 1287 sacerdote
518 1222 676 1305 peccatore
692 1220 923 1286 communicans
938 1223 971 1286 et
985 1220 1024 1286 ad
1039 1220 1193 1285 iniustum
1214 1218 1270 1284 ad·

145 1342 207 1408 que
221 1323 380 1389 inlicitum
394 1323 561 1408 praepositi
576 1325 625 1390 sui
641 1324 853 1406 episcopatum
868 1341 1050 1390 consensum
1070 1340 1163 1388 suurn
1183 1340 1267 1387 conr-

24 1457 26 1466 v
143 1427 282 1506 medana,
304 1428 425 1510 quaudo
439 1446 494 1510 per
508 1425 584 1492 Osee
605 1427 788 1509 prophetam
809 1426 1016 1492 comminetur
1036 1430 1069 1490 et
1088 1424 1173 1491 dicat
1195 1445 1267 1492 cerr·

24 1569 25 1574 κ
149 1529 1266 1613 suradiuina:sacrificiaeorumtamquampanisluctus‚
1375 1611 1378 1616 Α

24 1671 25 1708 ;
112 1651 275 1713 roomnes
297 1633 362 1715 qui
391 1632 1128 1712 manducantescontaminabuntur,
1157 1633 1269 1697 docens

24 1775 26 1816 3
82 1768 85 1774 =
146 1737 268 1802 scilicet
282 1737 315 1801 et
330 1737 492 1802 ostendens
507 1755 612 1802 omnes
628 1735 752 1802 omnino
767 1734 807 1800 ad
822 1738 984 1819 peccatum
1005 1734 1178 1818 constringi
1200 1734 1271 1817 qui·

24 1883 25 1920 5
146 1859 206 1922 que
227 1839 344 1904 firerint
366 1839 488 1922 profani
510 1841 542 1904 et
563 1839 673 1905 iniusti
697 1838 865 1906 sacerdotis
886 1838 1036 1904 sacrificio
1059 1838 1270 1904 contaminati.

24 1987 26 2026 3
146 1943 227 2026 quod
253 1943 331 2008 item
353 1942 386 2007 in
406 1942 553 2008 Numeris
574 1941 768 2008 manifestari
792 1941 978 2021 inponimus,
1005 1942 1126 2023 quando
1146 1940 1222 2007 (lore
1242 1943 1274 2006 et

24 2117 25 2130 χ
146 2047 272 2112 Dathan
301 2051 333 2111 et
359 2045 478 2111 Abiron
507 2047 612 2112 contra
640 2046 745 2111 Aaron
774 2045 963 2112 sacerdotem
991 2045 1184 2111 sacrificandi
1213 2046 1274 2111 sibi

114 2149 309 2215 nlicentiam
330 2149 576 2215 uindicauerunt.
597 2149 664 2214 illic
685 2166 804 2233 quoque
824 2169 879 2232 per
898 2149 1025 2232 Moysen
1044 2149 1195 2232 praecipit
1209 2148 1274 2214 Do-

147 2252 251 2318 minus
277 2255 315 2318 ut
340 2252 379 2318 ab
406 2253 450 2319 eis
475 2252 607 2336 populus
637 2254 803 2335 separetur,
834 2273 872 2318 ne
894 2251 1072 2319 facinerosis
1093 2254 1274 2319 coniunctus

145 2357 251 2422 eodem
281 2355 417 2423 facinore
447 2359 479 2422 et
507 2357 573 2439 ipse
601 2357 837 2440 perstringatur.
875 2357 1130 2438 separamini,
1160 2357 1272 2441 inquit,

145 2481 164 2526 a
186 2460 451 2526 tabernaculis
477 2459 676 2525 hominurn
705 2460 946 2525 iniustorum
972 2459 1272 2527 durissimorum

146 2567 184 2631 et
220 2564 347 2630 nolite
384 2567 547 2648 tangere
583 2564 628 2629 ab
665 2565 844 2630 omnibus
880 2583 976 2647 quae
1012 2565 1103 2629 sunt
1138 2564 1196 2629 eis
1228 2583 1272 2628 ne

112 2668 265 2734 rosimul
298 2668 470 2751 pereatis
499 2668 538 2732 in
564 2670 725 2750 peccato
755 2686 891 2734 eorum.
925 2669 1050 2752 propter
1076 2667 1158 2751 quod
1184 2666 1272 2751 plebs

147 2772 316 2854 obsequens
338 2771 509 2853 praeceptis
532 2771 696 2836 dominicis
718 2772 750 2836 et
771 2771 873 2837 Deum
895 2773 1036 2837 metuens
1063 2790 1082 2836 a
1112 2775 1271 2854 peccatore

145 2873 319 2958 praeposito
335 2891 476 2955 separare
491 2891 524 2939 so
539 2874 641 2957 debet,
658 2892 714 2939 nec
728 2892 761 2939 sc
777 2876 818 2941 ad
833 2874 977 2959 sacrilegi
992 2874 1161 2941 sacerdotis
1176 2875 1272 2940 sacri·
1287 2866 1291 2873 ’

248 3129 265 3182 9
283 3123 327 3184 Os.
347 3130 372 3194 9,
389 3129 415 3183 4.
484 3130 517 3183 17
535 3129 616 3184 Num.
635 3130 676 3197 16,
695 3131 737 3185 26.

196 3353 211 3404 1
224 3351 281 3421 qui]
294 3352 318 3406 si
331 3352 378 3420 qui
394 3351 424 3422 Q,
438 3351 462 3405 si
474 3353 563 3420 quiso
699 3355 757 3409 3et
768 3370 818 3408 om.
832 3354 886 3408 LP
1014 3356 1120 3424 oportet
1131 3369 1175 3408 eos
1186 3371 1211 3418 o,
1223 3369 1272 3407 uos

146 3439 251 3506 oportet
265 3437 316 3493 GR
440 3437 576 3492 sacerdote
592 3439 626 3495 0¹
754 3438 871 3510 4delegi
887 3439 1014 3511 Q(diligi
1027 3440 1073 3510 Μ)
1195 3440 1271 3509 quos]
1288 3489 1294 3496 .

145 3521 216 3591 qnod
229 3523 256 3576 L
347 3523 434 3578 besse
445 3539 462 3578 a
474 3539 508 3579 ec
519 3541 580 3579 esca
596 3525 619 3581 0
704 3527 864 3595 contagione
880 3526 930 3583 OB
1020 3527 1189 3594 dpeccotoru
1204 3525 1238 3581 G¹

145 3608 313 3662 conmunicet
329 3609 363 3665 0²
473 3613 502 3664 et
513 3625 563 3665 orn.
581 3610 631 3666 OB
744 3611 872 3666 ‘lillicitc
888 3612 923 3667 θ’
1028 3611 1185 3682 praepositi]
1196 3627 1275 3680 prae-

145 3694 237 3764 pontis
253 3693 276 3749 0
402 3695 555 3765 episcopatu
571 3695 606 3751 0²
734 3697 921 3752 commodando
937 3698 972 3754 θ’
1097 3700 1115 3753 8
1128 3713 1173 3751 ose
1187 3697 1240 3766 oa

146 3769 318 3836 commonetur
334 3781 358 3837 G
364 3779 395 3850 'Q
533 3781 565 3834 11
578 3797 669 3835 omnes
681 3781 802 3837 homines
815 3799 850 3837 ec
860 3770 904 3837 om
915 3785 993 3838 horno
1006 3785 1030 3841 G
1165 3784 1277 3853 quique}

148 3867 224 3936 quio
344 3866 378 3921 12
390 3866 538 3922 sacerdotes
550 3867 630 3937 LPQ
749 3869 873 3923 1301010
889 3869 928 3925 Oc
1045 3870 1080 3924 14
1090 3869 1173 3924 datan
1188 3869 1240 3940 QR
1279 3905 1283 3921 .

146 3951 281 4007 abiranO
434 3951 468 4006 15
480 3969 569 4007 mosen
581 3953 618 4013 R.
630 3969 775 4022 moysesne
911 3956 1059 4026 praecepit
1074 3955 1177 4026 OPQR
1188 3960 1277 4025 (prae--

147 4038 214 4107 cipit
225 4038 272 4106 11)
400 4037 434 4091 16
447 4041 614 4108 separaretur
630 4039 709 4111 0911
834 4041 998 4096 facinorosus
1012 4041 1043 4112 Q,
1055 4041 1239 4096 facinorosiso
1358 4067 1362 4072 ·

149 4123 180 4176 17
194 4123 401 4194 perstringatur]
413 4123 558 4178 moriretur
574 4125 603 4191 0,
615 4128 763 4180 moreretur
774 4126 802 4181 R
882 4127 917 4182 18
928 4143 945 4182 a
955 4117 1127 4182 tabernaculo
1139 4144 1173 4181 ec
1184 4127 1273 4180 taber-

148 4209 272 4263 naculum
289 4209 311 4265 0
414 4210 531 4264 hominis
546 4211 589 4276 0¹,
600 4211 696 4265 horum
707 4212 876 4267 hominums
976 4214 1147 4284 iniustorum]
1160 4213 1274 4267 istorum

151 4293 200 4349 OB
285 4297 318 4350 19
333 4296 367 4350 ab
379 4311 402 4350 o.
417 4311 442 4364 q.
455 4313 475 4350 s.
489 4296 537 4366 cis]
551 4313 582 4351 ea
593 4313 662 4366 quoe
674 4298 708 4352 ad
721 4314 765 4353 eos
776 4299 916 4368 pertinent
927 4315 945 4354 o
1032 4300 1066 4354 21
1078 4299 1214 4370 praecepit
1225 4299 1263 4352 M
1264 4302 1272 4329 ¹

147 4381 401 4522 (Ρηθῡθρῒῗψρ)
510 4365 640 4440 ᾱηῖιθΒ
742 4400 851 4441 correo
957 4386 1278 4455 22necseJuacsasecs:

146 4481 262 4520 necesse

247 4573 297 4620 111.
1023 4560 1065 4624 41
