3242 5159
335 515 402 580 540
740 511 886 567 Caecilii
904 509 1069 578 Cypriani

337 687 399 752 um
414 688 451 752 ut
461 687 592 766 seuam,
608 688 770 770 utriusque
784 685 936 770 epistulae
951 684 1127 768 exemplum
1142 684 1258 750 litteris
1274 685 1351 750 meis
1367 684 1471 749 inuri.

338 790 421 873 quod
441 791 544 856 totum
559 790 631 874 peto
645 789 797 856 iratribus
811 789 926 856 uostris
941 788 1065 874 legatis,
1089 789 1126 854 ut
1141 789 1243 873 magn
1258 807 1293 854 ao
1307 787 1411 873 magis
1428 787 1472 853 ad

338 894 523 976 patientiam
536 894 746 977 conponantur
754 910 809 957 nec
822 891 934 958 delicto
944 892 1039 975 priori
1051 893 1189 958 adiciant
1200 891 1302 958 adhuc
1312 890 1399 956 aliud
1411 890 1472 956 de-

337 997 459 1081 lictum,
475 997 512 1062 ut
523 997 599 1063 dum
610 997 699 1064 nobis
709 1014 765 1062 uec
777 995 939 1082 euangelio
954 997 1071 1061 seruire
1086 1013 1142 1062 nec
1153 995 1323 1061 secuudum
1339 995 1472 1060 uniuer-

335 1117 441 1166 sorum
465 1098 675 1165 confessorum
698 1099 822 1165 litteras
847 1117 954 1164 causas
977 1119 1050 1165 suas
1072 1097 1243 1164 ammirari
1266 1099 1470 1190 permittunt.
1484 1116 1498 1154 ⁵

336 1205 408 1288 opto
434 1223 498 1282 uos,
526 1203 639 1270 frates
665 1202 829 1282 carissimi,
856 1203 935 1269 bone
960 1202 1064 1268 ualere
1090 1204 1122 1268 et
1149 1202 1247 1268 nostri
1273 1201 1471 1268 meminisse.

334 1306 564 1374 fraternitatem
578 1305 757 1372 uniuersam
772 1305 918 1372 salutate.

575 1595 959 1745 EPISTVLA
992 1595 1225 1709 XXVII.

334 1804 536 1861 otrannus
556 1805 797 1861 ransnuuuaus
815 1805 860 1860 un
877 1803 1096 1860 nracournvs
1114 1803 1238 1860 nouas
1256 1801 1471 1860 oousrsunu-

715 1890 821 1963 nunus
839 1890 1039 1946 affluamus
1056 1891 1082 1946 s.
1466 1895 1494 1936 u

308 2095 322 2158 ι
375 2083 481 2150 Factis
501 2083 541 2148 ad
561 2101 617 2149 uos
642 2082 769 2165 litteris,
796 2080 909 2148 fratres
932 2080 1097 2159 carissimi,
1122 2079 1237 2164 quibus
1252 2081 1342 2146 actus
1356 2080 1463 2146 nostor

334 2186 492 2271 expositus
518 2186 552 2251 et
575 2183 758 2268 discipliuae
782 2203 819 2252 ac
844 2183 1027 2270 diligentiae
1052 2174 1355 2281 quantulaecumque
1381 2181 1463 2248 ratio

333 2291 490 2357 raama
512 2289 569 2367 est,
592 2288 679 2354 aliud
701 2287 832 2355 awessit
854 2287 935 2372 quod
958 2305 1014 2354 nec
1035 2287 1139 2370 ipsum
1159 2285 1256 2352 latere
1271 2303 1327 2351 uos
1342 2285 1461 2352 debut.

332 2413 406 2461 uam
430 2393 526 2459 irator
547 2393 650 2458 noster
672 2392 829 2458 Lucienus
844 2394 875 2458 et
890 2392 957 2476 ipsc
978 2411 1059 2456 uuus
1079 2390 1117 2456 de
1138 2387 1375 2470 wnfessoribu's,
1402 2389 1463 2454 fide

384 2638 400 2692 1
417 2635 570 2705 exemplnp
667 2633 734 2687 iac
746 2633 834 2702 magis
855 2647 906 2687 om.
919 2652 941 2684 ω
1038 2633 1056 2685 3
1073 2631 1246 2701 patientiam]
1266 2631 1465 2701 paenitentiam

331 2723 416 2778 Elec
502 2720 596 2790 priori]
615 2721 720 2790 proprio
734 2718 769 2773 Io
854 2719 916 2773 lut
929 2719 996 2773 dum
1009 2717 1120 2786 Ε’ΜΤ,
1142 2717 1206 2772 dum
1218 2717 1370 2786 E’Icpca
1388 2717 1426 2784 cf.
1435 2735 1466 2787 p.

296 2797 302 2806 ’
332 2811 431 2875 53642
515 2807 602 2876 nobis]
620 2822 669 2861 nec
680 2806 758 2860 uobis
772 2804 843 2875 Ipsa·
864 2803 1264 2873 cfiGroaoa.otacra.p.145
1351 2804 1465 2872 seruire}

332 2895 428 2950 nolunt
439 2896 587 2963 seruirepc
643 2891 853 2947 toouiessorurn
865 2905 945 2960 coep
997 2905 1106 2946 causam
1118 2905 1195 2945 auam
1208 2910 1235 2960 p,
1248 2905 1298 2945 om.
1310 2890 1431 2946 ΕἸΙΤω

332 2984 481 3037 examinare
490 2981 585 3050 Mopso
637 2979 798 3033 tectissimi
808 2993 858 3033 om.
872 2979 902 3046 Y,
914 2976 1241 3047 carissimiseurperMop
1286 2980 1314 3031 et
1325 2979 1422 3032 nostri.
1433 3016 1459 3031 ..

331 3067 452 3122 autumo
464 3081 514 3121 ma
528 3086 547 3136 p
633 3064 650 3118 'l
662 3066 780 3120 salutm
795 3065 825 3129 Τ,
847 3064 966 3118 salutate
978 3063 1069 3118 ualate
1081 3063 1140 3118 ΖΜ.
1154 3090 1186 3103 -
1198 3062 1322 3133 Epistola
1335 3062 1467 3134 Cypriani

333 3151 463 3223 (Explicit
474 3167 499 3216 o,
518 3167 568 3207 ota.
582 3150 656 3219 ΕΜ)
675 3149 823 3205 adulatum
843 3165 895 3204 non
913 3152 1013 3204 temere
1030 3163 1122 3219 pacem
1139 3147 1256 3204 tandm
1274 3149 1322 3205 ubi
1334 3153 1363 3204 et
1374 3151 1410 3222 (ei
1423 3151 1466 3216 Μ,

329 3255 380 3295 oar.
402 3241 429 3310 ο)
452 3239 520 3294 (licit
540 3253 569 3292 sc
590 3239 677 3292 solnm
701 3237 826 3292 idoneum
850 3251 903 3292 non
926 3253 984 3292 csse
1007 3236 1120 3306 explicit
1143 3238 1204 3306 (om.
1223 3239 1251 3306 o)
1274 3237 1388 3306 Effl'o,
1411 3251 1463 3293 aaa

332 3327 400 3397 luo·
415 3353 448 3366 ··

313 3430 317 3438 ’
383 3412 468 3483 Epist.
490 3411 603 3467 XXVII.
616 3440 647 3452 -
661 3411 764 3481 Incipit
785 3409 912 3480 (epistola
929 3407 1051 3479 ciprani
1073 3408 1137 3464 adri.
1156 3411 1191 3481 Τ)
1213 3409 1247 3464 ad
1267 3409 1368 3464 clarum
1390 3409 1466 3464 urbia

330 3498 378 3569 (cd
397 3499 467 3554 clero
488 3499 578 3554 urbico
595 3497 673 3566 Tlda
685 3497 780 3552 multis
801 3495 997 3551 confessoribus
1015 3497 1076 3565 (ooo.
1094 3496 1128 3565 Τ)
1141 3495 1213 3550 etde
1225 3495 1339 3550 Luciaui
1359 3496 1468 3550 iuuere·

329 3585 428 3642 ouilia
440 3584 637 3654 (uerecundiam
652 3586 688 3652 Τ)
701 3587 730 3638 et
740 3583 774 3638 de
785 3584 847 3653 (om.
861 3584 887 3652 c)
900 3583 1017 3638 Celerini
1034 3581 1193 3638 confessoris
1205 3581 1339 3638 modestia
1355 3584 1391 3638 Tc
1402 3583 1465 3653 (sol.

331 3678 387 3729 204
398 3675 437 3742 α),
458 3671 562 3742 Incipit
578 3670 611 3726 (le
628 3671 714 3740 lapsis
734 3669 920 3740 penitentibus
941 3671 969 3723 et
987 3667 1021 3722 ad
1041 3651 1134 3738 prbffl
1152 3671 1181 3722 et
1192 3667 1227 3722 acl
1243 3667 1370 3724 ‹liaeonoe
1382 3668 1466 3724 Rome

330 3759 542 3814 eonaiatentitua
562 3759 590 3812 et
609 3756 767 3812 dehueiaui
787 3755 912 3811 falsitate
933 3757 961 3809 et
981 3753 1015 3809 da
1027 3755 1134 3810 nomino
1145 3754 1226 3808 Pauli
1237 3755 1263 3809 Z
1282 3755 1344 3825 (sol.
1358 3758 1412 3810 164
1423 3756 1465 3822 o),

331 3845 456 3914 Epistola
466 3845 587 3915 cipriani
603 3843 638 3899 ad
655 3845 757 3898 clerum
768 3843 918 3897 Romam
929 3841 962 3897 de
973 3841 1091 3897 Luoiauo
1114 3841 1267 3897 tuorcliuate
1289 3841 1424 3896 sofibente
1436 3843 1467 3896 ct

330 3931 364 3986 de
381 3931 447 3986 cleri
467 3930 631 3986 conluuione
643 3932 671 3984 ct
683 3929 841 3984 confessoris
862 3927 993 3983 modestia
1005 3945 1037 3998 φ,
1059 3927 1101 3982 Ad
1113 3927 1217 3983 eosdem
1229 3946 1249 3996 μ
1261 3927 1467 3996 (praesim

332 4017 411 4085 epist.
429 4020 448 4072 9
464 4015 499 4070 ad
514 3999 608 4086 prbrofi
628 4019 657 4070 et
667 4015 792 4071 &conos
803 4015 905 4068 Romae
925 4015 1122 4082 murisiantes),
1142 4029 1192 4070 cm
1204 4029 1229 4069 r.
1242 4043 1276 4055 -
1287 4016 1305 4069 9
1317 4014 1466 4070 ametan-

331 4103 407 4157 titus
418 4102 561 4173 fratribus]
573 4101 768 4158 confessoribus
779 4117 801 4166 ι,
820 4099 1029 4156 consisteutibus
1045 4099 1072 4152 V
1150 4101 1183 4154 11
1195 4102 1257 4170 post
1269 4101 1356 4155 iactas
1368 4099 1403 4155 ad
1414 4115 1466 4156 uos

331 4189 441 4244 litteras
449 4204 492 4258 pe,
505 4188 592 4244 factas
604 4191 694 4244 autom
706 4188 741 4243 acl
752 4204 800 4242 uos
812 4188 921 4242 litteras
930 4189 964 4256 Z,
977 4187 1064 4242 iactus
1076 4187 1185 4242 litteras
1197 4186 1231 4241 ad
1243 4202 1290 4242 uos
1303 4203 1318 4242 a
1387 4190 1467 4243 notus

332 4291 382 4330 oea.
395 4289 411 4328 r
497 4274 531 4329 12
544 4277 788 4344 quantumcumque
800 4274 869 4342 Ζμν,
881 4275 1013 4344 quantum
1026 4273 1082 4328 iam
1097 4289 1210 4342 cumque
1221 4289 1244 4342 c,
1256 4273 1468 4342 quantulacum-

332 4376 413 4430 queo
482 4361 532 4420 ,13
543 4360 707 4415 declaratest
722 4361 759 4414 Tr
841 4360 897 4429 nce]
911 4377 976 4429 nep
1062 4359 1142 4430 ipsud
1157 4359 1187 4424 Τ,
1199 4359 1274 4414 istud
1285 4360 1318 4428 Z,
1330 4359 1431 4415 illude

335 4447 369 4501 14
381 4445 453 4516 uam]
466 4462 518 4516 quo
530 4447 629 4502 namZ
696 4449 725 4501 ct
736 4447 802 4516 ipse]
816 4447 873 4515 ipse
886 4462 932 4517 pr,
946 4446 1053 4500 cseetZ
1120 4444 1162 4514 cle]
1176 4461 1234 4500 ora
