3242 5159
357 495 419 559 816
763 494 909 548 Caeoilii
926 495 1087 562 t'yprieni

357 652 411 713 aut
426 649 569 715 defendat
586 654 641 717 eut
656 650 769 727 eredat,
787 650 869 731 quod
883 650 1036 714 innodatio
1051 652 1126 715 haee
1140 651 1311 717 nominum
1328 654 1424 717 nude
1442 652 1512 717 sui·

358 752 443 819 ficiat
466 754 505 819 ad
529 748 739 819 remissionom
762 754 957 836 peecatorum
978 756 1011 817 et
1025 754 1175 836 baptismi
1195 756 1512 829 sanctificationem,

359 876 430 922 oum
457 858 532 922 hese
557 860 632 923 tuno
656 859 763 939 utique
785 857 957 939 proficiant,
980 858 1101 939 qnando
1116 859 1147 921 et
1161 859 1216 941 qni
1231 859 1389 943 baptizet
1412 861 1512 927 habet

359 960 506 1044 spiritum
526 961 668 1025 sanetum
683 963 715 1025 et
729 961 887 1042 baptisma
902 979 1022 1042 quoqne
1036 962 1142 1043 ipsum
1155 980 1216 1027 non
1232 963 1279 1027 sit
1295 965 1373 1029 sine
1389 965 1510 1045 spiritu

358 1064 573 1129 constitutum.
599 1063 652 1128 sed
674 1064 782 1129 dicum
805 1083 878 1127 eum
899 1064 952 1145 qui
973 1064 1261 1145 quomodocumque
1285 1064 1373 1129 foris
1398 1066 1528 1147 bapti-s

359 1170 447 1233 netur
466 1170 570 1233 mente
585 1170 617 1233 et
631 1165 691 1231 fide
712 1186 769 1232 sua
790 1166 939 1248 baptismi
959 1167 1095 1249 gretiam
1115 1169 1261 1249 oonsequi
1282 1186 1394 1250 posse
1426 1169 1511 1250 quod

361 1273 393 1335 et
408 1272 511 1353 ipsum
527 1271 593 1337 sino
608 1270 702 1335 dubio
717 1270 886 1335 ridioulum
901 1272 957 1349 est,
974 1271 1063 1351 quusi
1078 1270 1116 1334 de
1130 1271 1216 1337 eaelo
1230 1272 1402 1337 sdduoere
1417 1273 1461 1337 sd
1476 1291 1509 1337 ss

361 1374 459 1457 possit
479 1376 533 1439 aut
553 1391 640 1437 mens
660 1392 757 1457 praua
778 1374 934 1438 iustorum
949 1374 1225 1439 sanetifioetiouom
1246 1378 1309 1439 sut
1323 1375 1411 1441 fides
1426 1376 1510 1441 false

360 1478 549 1543 credentium
572 1476 748 1543 ueritatem.
769 1494 830 1542 non
851 1496 956 1542 omnes
977 1480 1084 1542 nutem
1105 1477 1160 1560 qui
1175 1495 1292 1543 nomen
1309 1464 1441 1545 Christi
1458 1480 1508 1543 in·

360 1582 470 1645 nocent
481 1580 581 1645 audiri
593 1580 624 1645 et
636 1580 860 1645 inuocationem
872 1598 961 1645 suam
971 1581 1114 1662 oonsequi
1129 1580 1248 1662 uliquid
1263 1583 1400 1664 gratiae
1414 1601 1537 1666 possen

360 1684 512 1749 Dominus
531 1683 598 1766 ipse
614 1683 794 1749 manifestat
809 1684 929 1749 diosus:
952 1684 1069 1749 multi
1090 1684 1252 1749 uenient
1272 1685 1317 1750 in
1341 1688 1508 1751 nomine

361 1804 440 1851 meo
469 1788 658 1852 dieentes:
689 1805 757 1872 ego
783 1805 864 1851 sum
887 1786 1081 1864 Christus,
1104 1790 1143 1851 et
1164 1787 1315 1853 multos
1340 1788 1505 1854 fallent

360 1890 449 1954 nulle
469 1888 599 1972 deniquo
620 1888 794 1955 differentia
815 1892 863 1955 est
884 1889 966 1955 inter
985 1890 1285 1973 pseudoprophetam
1307 1894 1344 1956 et
1359 1892 1506 1958 haereti·

362 2012 441 2057 eum.
458 2012 532 2059 nam
543 1995 579 2058 ut
590 1993 646 2058 ille
657 1993 689 2057 in
700 1993 824 2059 nomino
834 1992 892 2059 Dei
907 1997 963 2058 eut
973 1991 1098 2070 Christi,
1114 1994 1162 2057 ite
1174 1993 1233 2058 iste
1248 1994 1282 2057 iu
1297 1999 1507 2061 sacramento
1587 2021 1588 2026 ¹

362 2096 511 2178 baptismi
534 2096 627 2161 fallit.
651 2097 810 2161 mendesio
831 2098 961 2177 uterque
981 2096 1095 2161 nititur
1115 2097 1155 2160 ud
1170 2097 1377 2179 decipiendus
1401 2099 1537 2163 homi-s

365 2218 441 2265 num
457 2199 641 2263 uoluntates.

315 2302 353 2363 lo
407 2300 484 2367 Volo
506 2306 610 2367 autem
632 2301 720 2367 uobis
740 2304 771 2367 et
786 2302 825 2367 de
839 2302 970 2368 historia
989 2322 1067 2385 quse
1087 2304 1169 2385 opud
1190 2320 1246 2369 nos
1266 2304 1356 2369 facta
1379 2309 1435 2371 est
1455 2325 1508 2371 ex·

364 2424 474 2489 ponere
496 2405 536 2469 ad
555 2404 612 2470 hoe
633 2406 734 2487 ipsum
757 2406 939 2487 pertinente.
966 2408 1039 2471 ente
1059 2406 1174 2489 uiginti
1189 2407 1325 2472 enimet
1340 2407 1428 2474 duos
1443 2410 1509 2473 lero

364 2528 458 2575 annos
484 2509 675 2591 temporibus
701 2511 770 2590 post
793 2509 1003 2575 Alexandrum
1028 2510 1245 2591 imperatorem
1270 2512 1403 2577 multae
1432 2514 1505 2578 istie

365 2614 605 2691 conflictationes
620 2618 652 2677 et
668 2630 828 2693 pressurae
847 2612 1026 2678 aeciderunt
1046 2612 1097 2677 nel
1111 2612 1145 2677 in
1159 2632 1325 2678 oommune
1348 2616 1536 2681 omnibnoso

365 2717 541 2781 hominibus
562 2717 613 2780 uel
633 2718 782 2797 priuatim
803 2717 995 2781 christianis:
1017 2719 1116 2781 terreo
1131 2717 1227 2781 etiem
1240 2719 1350 2783 motus
1364 2722 1505 2801 plurimi

366 2824 397 2885 et
414 2821 586 2902 frequentes
607 2820 784 2897 extiterunt,
811 2820 848 2884 ut
864 2823 895 2884 et
916 2839 972 2903 per
986 2818 1212 2902 Cappadociam
1232 2822 1264 2884 et
1284 2840 1343 2902 per
1356 2823 1506 2889 Pontum

366 2924 468 2989 multa
494 2924 685 3001 subruerent,
712 2924 866 3005 quasdem
892 2925 989 2989 otium
1014 2924 1159 2989 ciuitates
1180 2924 1213 2988 in
1233 2926 1432 3006 profundum
1455 2947 1506 2991 re·

367 3030 455 3109 eopia
477 3028 593 3109 dirupti
615 3027 672 3093 soli
693 3028 782 3093 hiatu
804 3028 1033 3102 denotarentur,
1054 3029 1091 3091 ut
1105 3046 1141 3090 er
1155 3027 1215 3093 hoo
1229 3030 1409 3109 persecutio
1426 3048 1504 3112 qno-

367 3150 424 3213 que
447 3131 551 3214 gruuis
572 3132 738 3196 aduersum
752 3148 806 3195 nos
822 3130 956 3195 nominis
971 3130 1068 3206 lieret,
1090 3148 1168 3212 quae
1183 3134 1252 3211 post
1266 3131 1400 3215 longam
1417 3136 1532 3199 retroit

366 3233 476 3299 aetatis
502 3251 608 3314 paoem
633 3236 756 3315 repente
781 3232 891 3299 obortu
911 3234 949 3297 de
967 3233 1127 3313 inopinato
1147 3234 1179 3296 et
1199 3234 1322 3298 insueto
1349 3234 1439 3299 malo
1461 3238 1502 3301 sd

366 3336 553 3403 turbandum
575 3336 723 3419 populum
745 3337 886 3401 nostrum
908 3335 1077 3400 terribilior
1099 3334 1207 3400 effoeta
1228 3339 1285 3400 est.
1311 3334 1501 3403 Serenianus

367 3442 441 3505 tuno
456 3439 518 3505 tuit
532 3439 564 3503 in
579 3440 683 3505 nostra
699 3439 858 3520 prouincia
873 3456 1003 3520 praeses,
1019 3436 1146 3503 soerbus
1161 3440 1195 3501 et
1206 3438 1293 3503 dirus
1307 3444 1499 3519 perseeutor.

367 3543 399 3609 in
420 3543 477 3607 hae
503 3544 607 3607 eutem
633 3542 864 3623 perturbatione
889 3540 1069 3607 constitutis
1095 3539 1241 3606 fidelibus
1261 3544 1295 3605 et
1314 3541 1378 3607 bne
1405 3545 1501 3625 atque

367 3648 443 3713 illue
461 3646 680 3739 persecutionis
700 3648 784 3711 metu
807 3643 999 3728 fugientibus
1014 3648 1046 3708 et
1059 3644 1177 3725 patries
1197 3662 1270 3709 suus
1290 3644 1532 3727 relinqmnti-io

472 3836 504 3889 11
522 3835 603 3888 Mero.
623 3833 665 3896 13,
682 3832 706 3886 6.

420 3988 572 4059 9omnisQ
650 3988 681 4040 11
696 3986 801 4055 ipseM
813 3985 1028 4053 simmei.
1043 3985 1079 4055 Q)
1153 3985 1187 4038 13
1199 3984 1325 4055 denique]
1337 3986 1470 4055 quippeo

264 4092 267 4097 ·
369 4076 402 4130 15
415 4074 608 4145 baptismali,
632 4128 635 4137 ,
670 4072 818 4128 171101οΕ
893 4070 1139 4125 historiureieoni.
1153 4071 1263 4144 Routb
1328 4072 1365 4125 19
1377 4072 1474 4127 istiE

292 4201 295 4223 .
355 4158 740 4229 -muterpmlonrqmr
856 4156 1063 4224 24dirruptiE
1178 4156 1325 4226 tegrams
1341 4156 1379 4226 0¹
1397 4160 1502 4227 (grauis

370 4246 458 4316 M92)
591 4246 692 4301 nomini
704 4243 793 4313 MQ¹,
810 4242 955 4297 christiani
966 4242 1083 4296 nominis
1094 4241 1199 4311 EIQ²o
1333 4246 1501 4311 queenedl²

371 4332 549 4402 (queeIwQ)
681 4329 867 4397 redemisse
927 4351 932 4360 ·
999 4327 1262 4397 ffleeerumEPQ
1364 4330 1504 4401 ,29bue1

372 4417 458 4487 hooQ
560 4418 595 4471 30
606 4417 670 4471 illuc
686 4418 733 4485 0¹,
747 4416 808 4469 illoo
824 4414 860 4484 0²
876 4415 954 4480 (illuc
965 4414 1012 4484 M)
