3242 5159
428 552 492 619 822
825 548 973 605 Caecilii
995 548 1159 619 Cypriani

427 707 473 772 sic
498 724 610 792 magua
632 708 664 773 et
679 704 827 773 caelestia
852 705 998 771 ecelesiae
1025 724 1155 770 munera
1179 704 1345 771 haereticis
1368 705 1510 770 eouoeditet
1542 769 1543 782 p

427 810 550 895 tribuit,
572 810 647 892 quid
668 809 754 875 aliud
776 826 870 891 quam
884 807 1094 873 communicat
1108 808 1153 873 eis
1168 806 1283 890 quibus
1297 808 1415 872 tautum
1427 808 1509 892 gratis
1542 807 1543 880 ι

427 912 567 978 defendit
589 930 625 977 ec
646 912 808 979 uindicet?
833 912 866 975 et
887 910 1005 976 trustra
1027 910 1092 977 iam
1115 909 1242 976 dubitat
1254 911 1291 975 iu
1305 911 1410 975 ceteris
1428 928 1511 991 quoque

428 1015 599 1081 consentire
613 1014 657 1081 eis
672 1015 704 1080 et
717 1013 875 1097 particeps
890 1030 965 1092 esse,
988 1014 1070 1078 utet
1085 1013 1182 1078 simul
1196 1032 1270 1078 cum
1285 1013 1333 1079 eis
1347 1014 1510 1079 conueniste

428 1119 581 1185 orationes
607 1117 724 1200 pariter
750 1134 822 1181 oum
844 1114 962 1181 eisdem
984 1114 1115 1181 misceat
1136 1116 1169 1181 et
1190 1116 1293 1181 altare
1313 1134 1350 1182 sc
1369 1116 1522 1182 unificum

428 1240 590 1287 commune
605 1222 785 1287 constituat.

379 1333 417 1399 18
470 1324 529 1390 Sed
551 1324 584 1389 in
606 1323 753 1400 multum,
779 1322 892 1405 iuquit,
918 1320 1041 1404 proiicit
1065 1340 1179 1387 nomeu
1199 1320 1320 1388 Christi
1344 1323 1383 1387 ad
1404 1322 1476 1387 iden
1491 1331 1510 1384 ιι

428 1426 577 1511 baptismi
592 1424 876 1507 sauchiicaticnem,
892 1426 930 1489 ut
943 1424 1131 1507 quicumque
1145 1427 1178 1490 ιι
1188 1425 1378 1509 ubicumque
1388 1424 1510 1490 inuenire

427 1528 544 1596 Christi
573 1528 748 1612 baptizatus
775 1526 871 1593 inerit
895 1529 1100 1610 consequatur
1123 1528 1235 1594 statim
1262 1529 1395 1613 gratiam
1417 1526 1509 1592 Christi:

428 1634 549 1717 quondo
571 1633 644 1699 huic
664 1632 731 1699 loco
752 1631 891 1697 breuiter
912 1632 1031 1697 occurri
1053 1633 1153 1716 pessit
1171 1634 1204 1697 ιι
1223 1630 1289 1697 diei
1311 1634 1443 1715 quonism
1457 1631 1477 1692 si
1490 1630 1528 1690 no

428 1737 552 1802 uomiue
567 1734 683 1802 Christi
707 1735 809 1801 ualuit
832 1734 908 1800 ioris
930 1734 1088 1819 baptisma
1109 1736 1150 1800 ad
1164 1735 1328 1801 homiuem
1349 1732 1508 1820 purgandum

430 1840 464 1905 in
480 1840 618 1905 eiusdem
633 1837 749 1903 Christi
772 1838 898 1903 nomine
913 1837 1019 1904 ualere
1032 1838 1101 1903 illic
1114 1839 1220 1921 potuit
1234 1840 1269 1903 et
1283 1858 1393 1905 manus
1404 1835 1509 1918 inposito

428 1943 467 2008 ad
490 1940 703 2026 accipiendum
731 1940 878 2022 spiritum
904 1949 1057 2007 sanctum.
1084 1943 1117 2007 et
1137 1942 1293 2027 incipient
1315 1944 1410 2008 cetera
1427 1956 1509 2023 quoque

428 2066 507 2129 quae
521 2046 603 2129 apud
617 2044 788 2111 haereticos
803 2046 940 2129 aguntur
953 2046 1039 2110 iusta
1052 2046 1086 2111 et
1097 2046 1245 2129 legitima
1260 2046 1371 2125 uideri,
1385 2041 1508 2127 quaudciu

428 2149 552 2216 nomine
566 2146 683 2214 Christi
704 2149 862 2233 gerantur,
884 2147 1055 2213 secundum
1076 2148 1159 2231 quod
1178 2166 1235 2216 uos
1248 2151 1285 2215 in
1301 2149 1424 2233 epistola
1437 2157 1526 2210 usuro

429 2254 565 2319 exsecuti
581 2251 655 2319 estis
670 2250 802 2318 nonnisi
814 2252 848 2315 iu
860 2250 990 2317 ecclesie
1004 2251 1071 2317 sola
1083 2253 1189 2318 ualere
1203 2271 1295 2336 posse
1304 2253 1414 2319 Christi
1426 2266 1509 2322 uoneu

430 2356 481 2422 cui
496 2356 550 2421 uui
566 2355 751 2422 concesserit
765 2353 908 2421 Christus
923 2354 1066 2421 caelestis
1080 2356 1201 2441 gratiae
1214 2360 1410 2441 potestatem

379 2472 419 2536 10
472 2457 560 2538 Quod
586 2460 692 2525 autem
717 2458 871 2540 pertineat
894 2458 935 2523 ad
957 2460 1211 2525 cousuetudinem
1235 2460 1428 2526 refutandum
1448 2472 1509 2539 qun

432 2562 598 2629 uideantur
617 2578 768 2647 opponere
788 2560 927 2640 ueritati,
948 2562 1019 2645 quis
1035 2564 1103 2629 tam
1116 2580 1216 2629 uanus
1230 2563 1278 2629 sit
1291 2566 1329 2629 ut
1341 2561 1507 2628 ιιιιιιιιιιιι

430 2666 626 2732 suetudinem
638 2663 791 2747 praeierat
801 2666 857 2728 aut
868 2664 922 2747 qui
933 2666 1094 2748 perspecta
1103 2666 1173 2730 luce
1186 2667 1333 2733 tenebras
1345 2661 1527 2732 ιιιιιιιιιιιιιι

429 2770 528 2852 quati
556 2768 617 2835 uisi
647 2768 675 2833 si
700 2770 732 2833 et
758 2766 888 2833 Iudaeos
915 2766 1039 2835 Christo
1067 2770 1256 2837 aduentuute
1288 2771 1322 2836 id
1345 2774 1391 2835 ιιι
1414 2766 1509 2832 ueritis

429 2872 560 2938 adiuuat
581 2872 615 2937 iu
637 2870 741 2953 aliquo
766 2870 985 2953 antiquissima
1009 2874 1206 2951 consuetudo,
1232 2876 1318 2956 quod
1342 2872 1508 2938 relictarum

428 2974 572 3041 ueritatis
595 2975 648 3040 uia
668 2974 700 3039 iu
715 2975 872 3040 uetustate
892 2977 1125 3058 permanserint.
1150 2977 1232 3060 quod
1255 2978 1382 3061 quidem
1401 2976 1509 3040 aduersus

428 3075 618 3161 Stephanum
640 3096 695 3144 uos
715 3078 817 3145 dicere
831 3078 903 3144 Ahi
917 3079 1048 3162 potestis
1062 3080 1186 3164 cognita
1200 3082 1336 3148 ueritate
1351 3094 1462 3146 enonn
1473 3086 1508 3135 ut

428 3182 659 3247 consuetudinis
680 3183 851 3267 reliquisse.
874 3184 1011 3249 ceterum
1032 3200 1089 3250 nos
1102 3184 1233 3250 ueritati
1248 3186 1284 3251 et
1297 3178 1525 3251 consentirem

427 3284 587 3368 iungimus
602 3286 634 3351 et
649 3286 864 3352 consuetudini
875 3287 1083 3354 Romanorum
1097 3289 1353 3355 consuetudinem
1366 3286 1413 3352 sed
1424 3280 1507 3347 uerit·

427 3386 471 3451 tis
486 3389 677 3473 opponimus,
700 3389 740 3455 ab
755 3390 846 3456 initio
867 3392 926 3457 hoc
946 3393 1085 3457 tenentes
1106 3392 1188 3475 qnod
1202 3410 1221 3457 a
1235 3390 1360 3459 Christo
1377 3392 1406 3455 ιι
1416 3388 1448 3451 ai
1459 3396 1508 3463 „pc

428 3490 517 3557 stolis
542 3494 693 3559 traditum
720 3494 776 3559 est.
807 3512 864 3559 uec
888 3496 1089 3561 meminimus
1115 3494 1174 3561 hoe
1199 3496 1285 3578 apud
1309 3514 1362 3562 uos
1384 3482 1506 3572 admenta

428 3596 572 3680 coepisse,
595 3614 666 3663 cum
687 3614 808 3680 semper
829 3598 875 3663 sic
894 3598 968 3663 istic
982 3598 1181 3664 obseruatum
1197 3598 1242 3665 sit
1255 3602 1296 3666 ut
1309 3596 1431 3665 nonnisi
1443 3603 1507 3654 unu

427 3699 486 3766 Dei
509 3698 670 3766 ecclesiam
692 3716 852 3765 nossemus
871 3702 904 3765 et
918 3703 1062 3767 sanctum
1083 3701 1240 3783 baptisma
1262 3720 1324 3768 nou
1344 3692 1525 3766 musmones

427 3803 573 3869 ecclesiae
609 3803 856 3886 conputaremus.
900 3805 992 3889 plane
1027 3806 1173 3888 quoniam
1210 3806 1338 3889 quidam
1371 3802 1406 3867 de
1435 3808 1508 3861 corun

478 4026 591 4097 heliud]
603 4026 676 4081 aliud
688 4026 775 4097 agita
866 4026 965 4096 quibus
976 4044 1027 4082 osa.
1040 4028 1077 4083 Μ
1087 4028 1160 4095 (enh
1177 4026 1214 4097 Q)
1305 4013 1488 4097 epicopali

427 4112 584 4183 CgrstiaQ
669 4113 702 4167 11
715 4113 770 4167 oris
781 4114 819 4168 Μ
829 4114 906 4181 (ioris
920 4113 953 4184 Q)
1036 4114 1070 4168 13
1081 4114 1223 4184 incipient]
1235 4102 1483 4182 ueliucipisutiat

428 4198 461 4251 14
473 4213 541 4266 quae
553 4214 602 4253 cm.
616 4198 726 4269 EQ¹M
878 4200 911 4253 16
922 4215 1018 4255 nomeu
1029 4200 1155 4255 christia
1407 4196 1413 4207 '

427 4283 595 4338 refutandam
612 4284 665 4352 Eo,
686 4284 862 4354 reputeudum
882 4284 921 4355 Q,-
939 4285 975 4351 ef.
989 4303 1021 4355 p.
1038 4288 1142 4354 820,17

426 4368 460 4425 21
473 4368 598 4440 ueritate]
614 4370 736 4425 ueniente
748 4370 852 4441 adde
998 4370 1213 4442 22sdiuuaut0

427 4460 508 4523 (noua
522 4455 555 4525 Q)
657 4456 691 4510 29
704 4456 742 4511 sic
753 4471 802 4511 om.
818 4456 880 4512 Ele
