3242 5159
483 533 641 613 Epistula
657 531 952 588 LXIIL-LXIIIL
1210 536 1274 601 717

154 693 185 754 et
200 690 280 773 quod
300 689 386 772 prius
407 688 488 771 apud
510 686 657 772 quosdam
678 687 800 752 uidetur
820 689 956 753 enatum
978 689 1110 756 Domino
1131 691 1274 755 monente

156 793 317 878 corrigere,
338 794 375 857 ut
397 811 468 856 oum
492 791 525 855 in
546 790 689 856 claritate
711 809 766 854 sua
785 792 818 855 et
837 791 1001 857 maiestate
1021 793 1148 860 caelesti
1167 793 1273 858 uonna

155 895 296 978 coeperit,
313 894 453 960 inueniat
466 912 520 960 uos
535 896 639 959 auore
653 893 734 976 quod
748 895 879 976 monuit,
894 894 1055 960 obseruare
1067 896 1146 978 quod
1158 895 1272 974 docuit,

155 999 253 1064 facere
269 997 351 1082 quod
365 996 450 1062 fecit.
470 999 542 1080 opto
557 1000 599 1074 te,
616 995 713 1062 frater
734 997 901 1076 omissione,
923 1015 1042 1080 semper
1061 998 1138 1064 bene
1160 1000 1272 1064 ualere.

132 1401 144 1438 ⁵
386 1337 769 1450 EPISTVLA
803 1337 1043 1451 LXIIII.

154 1559 356 1615 CYPRIANVS
364 1559 410 1614 ΕΤ
418 1559 546 1617 aarum
558 1559 741 1616 COLLEGAE
753 1559 816 1626 QVI
826 1559 868 1614 IN
877 1559 1045 1617 oorrcmlo
1056 1560 1273 1616 ADFVERVNT

449 1647 598 1703 affluo
609 1647 695 1702 LXVI
707 1647 792 1703 FIDO
805 1647 941 1702 aarum
951 1649 978 1702 S.

198 1855 346 1938 Legimus
366 1855 490 1921 litteras
509 1856 589 1934 tuas,
610 1855 706 1921 frater
721 1856 890 1935 carissimo,
911 1855 1023 1938 quibus
1038 1855 1220 1939 significasti
1234 1855 1301 1927 dal

157 1956 282 2022 Victore
293 1959 446 2040 quondam
457 1959 643 2041 presbytero,
656 1959 737 2041 quod
748 1959 786 2036 ei,
798 1960 961 2041 autequam
974 1959 1196 2042 paenitentiam
1206 1958 1273 2040 ple-

118 2079 228 2124 ronam
254 2060 368 2145 egisset
393 2064 425 2126 et
446 2061 578 2127 Domino
602 2062 666 2127 Deo
692 2063 724 2126 in
751 2079 842 2144 quem
867 2061 1039 2143 deliquerat
1064 2061 1272 2145 satisfecisset,

154 2167 270 2228 temero
285 2163 456 2247 Therapius
477 2164 596 2248 collega
616 2165 720 2230 noster
740 2165 897 2230 inmaturo
918 2165 1058 2246 tempore
1077 2167 1110 2230 et
1128 2181 1273 2248 praepro-

153 2285 227 2346 pera
242 2265 438 2331 festinatione
452 2285 560 2350 pacem
575 2267 702 2332 dederit.
731 2285 809 2350 quae
823 2285 873 2332 res
887 2284 942 2332 nos
957 2267 1034 2332 satis
1048 2267 1158 2346 mouit,
1173 2285 1276 2333 rocos·

155 2387 225 2432 sum
246 2385 311 2433 esse
325 2388 344 2434 a
358 2369 474 2434 decreti
495 2371 591 2436 uestri
613 2371 807 2449 auctoritato,
831 2371 953 2434 utente
967 2370 1147 2454 legitimum
1161 2372 1193 2435 et
1206 2370 1275 2452 ple·

153 2490 228 2534 num
255 2472 378 2552 tempus
404 2472 623 2538 satisfactionis
645 2475 677 2538 et
697 2473 763 2537 sius
784 2473 887 2556 petitu
908 2473 940 2537 et
962 2473 1150 2538 couscientia
1174 2473 1276 2556 plebis

15 2605 16 2612 κ
122 2597 146 2636 1⁵
156 2573 244 2637 nulla
263 2573 444 2640 infirmitate
463 2577 593 2658 urgente
607 2595 642 2641 ac
656 2574 840 2641 necessitate
859 2577 987 2660 cogente
1009 2594 1069 2658 pax
1084 2577 1112 2642 ei
1127 2577 1274 2642 concede·

152 2676 247 2740 retur.
277 2677 331 2741 sed
357 2678 470 2743 librato
497 2680 581 2761 apud
604 2697 658 2744 uos
683 2680 738 2743 diu
764 2678 893 2744 consilio
918 2679 997 2744 satis
1023 2669 1085 2744 suit
1111 2680 1276 2764 obiurgare

153 2776 340 2859 Therapium
362 2780 513 2865 collegam
533 2782 674 2846 nostrum
695 2783 776 2864 quod
790 2783 906 2846 munera
919 2782 976 2847 lroc
990 2782 1098 2862 fecerit
1112 2785 1144 2847 et
1157 2783 1274 2848 instru-

152 2879 232 2944 xisse
246 2899 285 2944 ne
296 2881 371 2962 quid
384 2883 448 2947 tule
460 2881 498 2948 do
509 2885 609 2950 cetero
625 2883 735 2949 ledat:
750 2903 858 2966 pacem
872 2885 977 2950 tamen
990 2884 1274 2967 quomodocumque

153 3000 172 3046 a
187 2983 343 3049 sacerdote
353 2985 417 3050 Dei
437 2987 533 3051 semel
553 2987 658 3053 datam
679 3005 740 3052 uon
759 2987 941 3070 putauimus
956 2987 1156 3052 auferendam
1170 3006 1205 3053 ac
1219 3007 1274 3072 per

119 3083 211 3149 rohoc
240 3085 359 3151 Victori
392 3089 700 3155 communicationem
736 3089 796 3156 sibi
826 3107 1001 3154 concessam
1029 3108 1176 3174 usurpare
1204 3109 1274 3172 per·

154 3204 306 3252 mrsrmus.

206 3427 402 3500 acorriperes
502 3447 550 3486 sua
561 3434 590 3486 et
600 3431 743 3486 maiestate
754 3447 804 3486 om.
817 3430 846 3485 R
948 3432 976 3484 et
987 3445 1037 3484 oua
1052 3430 1076 3484 S
1171 3431 1280 3501 uenireu'

154 3512 255 3568 denuit
271 3513 294 3570 O
411 3518 488 3571 3nos
499 3521 589 3572 tenere
600 3533 634 3572 ec
645 3520 767 3572 noeterue
778 3517 878 3572 Stat
993 3514 1096 3587 docuit]
1108 3516 1200 3570 nocuit
1211 3515 1240 3570 R

153 3598 245 3668 dopto
315 3601 403 3656 ualere
421 3618 471 3658 om.
485 3603 514 3658 S.
531 3634 564 3643 —
582 3603 681 3658 Caecili
694 3603 822 3672 Cypriani
839 3601 874 3656 ad
886 3601 1033 3658 Caecilium
1049 3600 1092 3668 (de
1109 3603 1276 3656 sacramento

153 3685 245 3740 calicis
263 3685 390 3742 dominici
408 3688 473 3744 cdd.
489 3689 523 3758 Q)
534 3689 644 3758 explicit
655 3689 710 3759 SQ,
729 3690 768 3744 Do
780 3688 909 3757 (Explicit
926 3687 961 3742 ad
973 3686 1119 3742 Caecilium
1135 3686 1167 3741 de
1178 3687 1213 3752 P,
1231 3687 1275 3742 Ad

153 3769 299 3826 Caecilium
322 3772 354 3826 de
372 3773 410 3843 R)
431 3777 594 3828 sacramento
618 3774 746 3829 dominici
770 3773 862 3828 caliois
882 3775 943 3842 (om.
961 3773 1000 3842 R)
1023 3771 1134 3841 explicit
1158 3775 1219 3840 (osa.
1236 3774 1279 3844 P)

204 3943 289 4012 Epist
296 3943 410 4000 mm.
418 3945 557 4016 —lncipit
566 3945 600 4001 ad
607 3946 704 4002 Fidum
712 3947 745 4002 de
756 3946 907 4001 infantibus
916 3943 1084 4014 baptisandis
1095 3943 1233 4014 0anss
1240 3975 1275 3986 -

154 4028 168 4081 1
181 4029 268 4085 salute
280 4031 350 4088 ΠΕ
451 4033 468 4086 9
481 4032 612 4100 quondam
628 4033 855 4103 G’LMPQOEV,
869 4029 983 4101 quodam
1001 4030 1043 4099 ρ’,
1057 4029 1191 4098 quandam
1206 4032 1240 4086 0¹

153 4115 178 4166 ei
190 4131 224 4168 ex
236 4118 263 4170 et
275 4117 313 4172 Μ
322 4118 358 4184 (ei
375 4117 417 4188 Q),
430 4121 457 4172 ot
469 4118 536 4174 PR¹
631 4119 665 4173 10
676 4119 821 4188 deliquerit
836 4119 859 4173 0
950 4117 983 4170 11
995 4118 1095 4170 temere
1107 4131 1157 4170 om.
1174 4115 1240 4171 cao

151 4200 269 4269 terapios
282 4203 321 4257 L¹
438 4220 550 4274 propera
561 4204 590 4260 R
710 4206 743 4259 14
754 4208 782 4258 et
793 4204 862 4273 sine]
874 4203 933 4256 sine
948 4202 997 4261 CB
1116 4202 1276 4273 resurgente

152 4301 202 4339 om.
218 4287 268 4343 OR
386 4290 421 4361 ci]
440 4294 469 4344 et
486 4291 588 4360 capo
704 4291 738 4346 16
754 4289 869 4344 liberato
883 4289 906 4342 0
1023 4287 1054 4341 11
1067 4287 1201 4355 ternplum
1217 4288 1240 4357 Q

152 4374 180 4426 et
191 4389 241 4428 ora
259 4375 282 4430 0
411 4377 445 4430 19
457 4393 473 4431 a
484 4377 628 4447 sacerdote]
647 4376 778 4432 sacerdoti
791 4377 819 4431 L
947 4372 1039 4443 semel]
1058 4373 1128 4441 apud
1139 4390 1200 4443 exp.
1218 4375 1241 4429 0

151 4458 363 4516 sucronemne
466 4464 506 4533 ac]
521 4464 571 4518 hac
582 4463 649 4534 DQ
750 4463 785 4517 20
796 4461 910 4516 uictoria
925 4459 959 4514 0¹
1062 4459 1234 4528 promisimus
1245 4461 1278 4516 L
