3242 5159
321 473 383 542 128
717 467 862 526 osseum
886 467 1048 538 cypriani

319 625 483 694 seientiam
498 625 637 691 nostrum
652 623 725 690 fidei
740 643 814 691 sues
828 623 948 692 uiribus
962 625 1068 690 nixam
1083 625 1282 690 inimieorum
1299 627 1332 689 ot
1347 625 1450 689 muli·

317 746 449 814 gnosum
463 730 682 806 commentum,
697 728 783 810 quusi
798 729 880 810 uqnd
895 727 998 811 lapsos
1011 729 1043 793 et
1053 728 1196 810 profanos
1207 730 1239 793 et
1250 729 1336 794 extre
1345 728 1453 795 eoele-

322 831 401 898 eium
421 831 549 914 positos,
573 831 610 896 de
632 849 762 913 quorum
783 830 959 914 pectoribus
983 831 1148 898 excesserit
1162 831 1290 914 spiritus
1306 834 1446 911 senetus,

319 951 384 1000 esse
399 934 485 1000 uliud
500 933 598 1016 possit
612 933 673 998 nisi
688 951 777 1000 mens
791 935 935 1018 prunoet
955 934 1052 1000 lellus
1073 935 1184 1019 lingue
1202 936 1235 999 et
1254 934 1326 1000 odiu
1347 955 1446 1001 nene-

319 1039 393 1104 nste
407 1040 439 1102 et
454 1037 603 1122 duerilege
617 1037 791 1103 mendesio:
817 1037 930 1119 quihus
949 1036 1004 1119 qui
1024 1037 1132 1115 eredit,
1153 1057 1227 1104 oum
1241 1037 1307 1102 illis
1321 1057 1471 1104 neeessos

322 1141 370 1208 est
383 1140 562 1206 inuenietur
576 1157 647 1204 oum
662 1138 771 1204 iudicii
787 1138 853 1204 dies
867 1140 997 1206 uenerit.

290 1253 308 1317 3
361 1242 453 1322 Quod
467 1260 540 1310 uero
555 1241 662 1308 dixisti
677 1243 849 1308 secerdotes
863 1241 998 1309 humiles
1014 1260 1080 1308 esse
1094 1241 1214 1326 dehere,
1236 1243 1310 1325 quie
1332 1245 1365 1308 et
1378 1243 1448 1309 Do-

318 1345 421 1412 minus
436 1346 468 1411 et
481 1344 612 1428 upostoli
627 1344 762 1412 humiles
777 1343 913 1423 luerunt,
928 1344 1141 1411 humilitatem
1155 1364 1259 1412 meum
1278 1349 1311 1412 et
1332 1345 1448 1412 heheu

320 1466 425 1514 omnes
440 1450 472 1512 et
487 1447 620 1532 gentiles
636 1465 756 1530 quoque
771 1445 889 1529 optime
903 1449 1016 1514 nerunt
1030 1450 1063 1514 et
1077 1449 1233 1533 diligunt:
1254 1451 1287 1514 et
1308 1451 1346 1515 tu
1366 1468 1447 1532 quo-

319 1571 378 1635 que
392 1569 523 1618 nouenos
538 1553 570 1616 et
585 1549 747 1634 diligebas,
764 1569 836 1616 oum
850 1549 951 1616 edhue
965 1551 999 1618 in
1012 1551 1143 1618 eoelesie
1162 1570 1245 1618 esses
1264 1554 1297 1618 et
1318 1571 1445 1618 meeum
1455 1581 1482 1620 n

320 1654 571 1722 eommunieures.
599 1653 668 1737 quis
693 1655 800 1720 eutem
825 1654 966 1720 nostrum
995 1653 1159 1738 longeest
1184 1654 1225 1720 eh
1250 1655 1447 1734 humilitate,

318 1760 462 1826 utrumne
478 1777 534 1842 ego
549 1758 603 1839 qui
618 1757 731 1824 eotidie
746 1756 896 1822 frutribus
907 1757 1009 1824 seruio
1020 1759 1053 1822 et
1062 1759 1221 1824 uenientes
1231 1759 1272 1823 ed
1283 1759 1449 1824 ecclesium

321 1860 460 1946 singulos
474 1860 607 1945 henigne
621 1862 654 1926 et
669 1879 740 1925 oum
763 1862 837 1926 noto
859 1863 893 1925 et
912 1860 1027 1944 geudio
1048 1861 1192 1943 suscipio,
1214 1881 1255 1926 en
1276 1867 1315 1928 tn
1334 1864 1391 1946 qui
1412 1866 1448 1928 te

317 1963 494 2049 episcopum
516 1963 650 2048 episcopi
674 1965 706 2028 et
726 1963 864 2030 iudioem
885 1963 997 2030 iudicis
1019 1965 1204 2047 edtempns
1234 1985 1254 2032 e
1281 1965 1349 2031 Deo
1377 1965 1447 2031 deu

316 2068 487 2145 constituis,
510 2085 582 2132 oum
596 2066 748 2132 Dominus
763 2068 849 2132 Deus
863 2067 896 2132 in
911 2066 1150 2134 Deuteronomio
1164 2069 1265 2134 diost:
1278 2071 1318 2135 et
1332 2067 1446 2134 homo
1456 2097 1482 2137 u

201 2245 209 2260 ·
317 2171 551 2255 quicumque
593 2170 735 2237 feeerit
771 2172 810 2236 in
847 2171 1034 2254 superbio
1070 2173 1112 2238 ut
1147 2189 1219 2238 non
1259 2170 1449 2236 exeudiet

316 2269 556 2340 sacerdotem
579 2276 647 2340 sut
666 2274 836 2340 iudicem
850 2275 1079 2357 quicumque
1100 2275 1284 2340 fueritin
1307 2273 1448 2340 diebus

317 2375 421 2456 illis,
459 2378 647 2443 morietur
679 2378 788 2444 homo
821 2376 908 2455 ille,
941 2380 980 2444 et
1007 2377 1130 2444 omnis
1161 2378 1330 2461 populns
1361 2396 1449 2443 eum

317 2480 491 2547 audierit
520 2480 694 2559 timebit,
722 2483 761 2548 et
791 2500 862 2547 non
889 2483 1005 2567 egent
1032 2481 1151 2565 impie
1178 2481 1299 2548 etiem
1330 2499 1447 2558 nune,

318 2585 350 2650 et
371 2584 485 2650 iterum
505 2581 544 2648 ed
563 2581 690 2648 Samuel
710 2583 851 2666 loquitur
875 2586 907 2650 et
928 2585 1020 2650 dioit:
1042 2601 1116 2650 non
1137 2585 1176 2650 te
1196 2584 1482 2667 spreuernntse

318 2687 383 2752 sed
404 2705 460 2752 me
482 2687 728 2767 spreuerunt,
751 2687 783 2751 et
798 2686 900 2752 adhue
915 2687 1068 2752 Dominus
1089 2687 1123 2752 in
1143 2688 1305 2771 euangelio
1327 2705 1401 2752 oum
1418 2687 1450 2752 ei

320 2789 439 2856 dietum
468 2790 564 2854 esset:
588 2788 643 2854 sio
671 2788 879 2871 respondes
908 2789 1110 2872 pontifici,
1138 2790 1315 2856 custodiens
1336 2793 1369 2856 et
1390 2789 1448 2855 do-

320 2911 390 2960 eens
416 2893 639 2959 saoerdotulem
664 2894 810 2959 honorem
836 2893 954 2958 serueri
980 2895 1119 2975 oportere
1139 2895 1246 2958 eontre
1265 2893 1449 2976 pontihoem

321 2996 401 3062 nihil
417 2995 540 3076 dixerit,
555 2995 609 3062 sed
624 2996 833 3062 innocentium
844 3014 932 3062 suum
943 2997 1161 3062 tantummodo
1171 3014 1309 3081 purgans
1320 3014 1449 3079 respon·

316 3099 398 3165 derit
420 3099 538 3166 dieens:
565 3099 597 3164 si
622 3098 721 3165 mele
743 3100 907 3165 loeutus
922 3117 1022 3179 sum,
1050 3099 1239 3183 exprobro
1260 3101 1307 3164 de
1329 3099 1484 3172 melos„

419 3339 453 3393 15
471 3339 550 3393 Dent.
569 3339 609 3403 17,
630 3338 670 3393 12.
691 3337 731 3394 13.
801 3337 838 3392 20
855 3337 871 3392 Ι
888 3337 958 3392 Sum.
977 3337 1002 3402 8,
1020 3337 1045 3391 7.
1114 3337 1205 3392 2510.
1225 3338 1267 3405 18,
1285 3337 1328 3392 23.

368 3550 384 3602 1
397 3547 537 3602 seientiam
549 3546 577 3600 Β
697 3544 768 3614 fidei]
782 3544 825 3599 dei
837 3544 910 3600 NPo
1027 3559 1091 3597 enee
1100 3559 1151 3598 osu
1163 3543 1210 3599 No
1329 3545 1348 3598 2
1358 3543 1451 3614 qussi]

317 3650 383 3705 quos
398 3634 433 3698 Β,
446 3631 516 3702 quod
529 3632 556 3686 Β
647 3633 674 3688 et
687 3630 771 3700 extre]
784 3634 860 3686 extro
872 3629 968 3694 ENV,
979 3631 1009 3683 ot
1018 3631 1113 3684 oontm
1125 3629 1153 3684 Β
1246 3629 1374 3699 toenitis
1387 3630 1417 3684 Β

318 3719 438 3790 spiritns]
458 3718 553 3774 christi
566 3718 593 3773 Β
734 3717 846 3786 terune
860 3717 897 3770 Τι
1034 3717 1063 3769 et
1078 3731 1129 3770 osu
1143 3715 1171 3770 L
1308 3716 1387 3785 linge
1397 3732 1416 3770 o

318 3806 333 3860 7
346 3805 454 3861 dixistis
468 3804 495 3858 Β
620 3802 767 3873 Sepostoli
778 3803 836 3856 eius
848 3801 952 3857 BHTo
1076 3801 1109 3854 12
1120 3804 1149 3855 et
1160 3817 1210 3855 otu
1223 3801 1253 3855 Β
1373 3801 1410 3855 13
1421 3803 1452 3855 et

319 3892 388 3961 eum]
401 3895 505 3945 utcum
517 3890 579 3945 ΒΝ
676 3891 807 3944 leonul'
914 3887 949 3942 14
959 3887 1111 3956 episcopum
1122 3886 1248 3956 episeopi]
1260 3886 1448 3956 episeopornm

319 3978 347 4030 et
358 3975 510 4045 episeopnm
526 3977 551 4032 Τ
623 3974 707 4030 iudioi
719 3973 746 4028 Β
825 3974 860 4030 15
871 3972 1018 4028 eonstitues
1030 3973 1065 4036 Β,
1077 3971 1195 4026 destruis
1209 3974 1246 4027 Β
1317 3971 1445 4028 dominns

317 4077 368 4118 om·
385 4063 412 4117 V
506 4063 539 4117 16
551 4061 655 4131 feeerit]
667 4061 752 4116 inerit
764 4061 797 4115 Η
892 4058 934 4128 ut]
947 4060 997 4112 out
1008 4057 1036 4112 Β
1130 4057 1224 4112 audiet
1236 4073 1271 4112 ex
1283 4057 1375 4112 undiot
1389 4059 1419 4114 T

318 4149 351 4204 17
365 4148 568 4203 ineuntinH
678 4148 711 4202 18
722 4145 862 4215 morietur]
874 4143 1094 4200 meledioetnrN
1191 4143 1416 4200 {lOsemnelemo

318 4234 354 4290 21
368 4237 396 4288 et
407 4249 457 4288 om.
469 4234 505 4289 H
621 4232 706 4289 edhoe
719 4233 825 4297 BHT',
837 4231 888 4286 hoo
903 4231 939 4286 P
1065 4229 1099 4284 22
1110 4228 1249 4298 respondis
1261 4229 1326 4295 NP,
1338 4244 1451 4298 respon·

318 4319 434 4376 eonem
568 4317 838 4374 sedunenses
969 4302 1104 4372 nonin
1232 4314 1417 4371 aramme

318 4405 454 4476 respondit
468 4405 502 4460 H
601 4405 637 4459 25
648 4403 762 4474 exprobe
776 4404 837 4458 ΒΝ
