3242 5159
555 507 714 575 Epistula
731 505 888 560 Ira-1211„
1220 504 1282 568 617

154 665 255 749 fragia
277 663 441 742 oonoitara
465 663 680 728 Nioostratum
700 681 821 744 quoqne
843 661 982 728 diaoonio
1005 662 1127 726 sanotae
1148 659 1283 726 admini-

24 763 28 768 ’
155 768 314 834 strationis
328 767 454 846 amisso,
470 766 686 832 eeclesiastiois
700 766 838 848 peonniie
853 767 1003 850 sacrilega
1017 764 1125 831 fraude
1140 763 1283 830 subtrae-

154 872 197 936 tis
220 872 253 937 et
273 871 440 936 uiduarum
461 889 498 935 ao
519 868 709 952 pupillorum
733 869 882 951 depositis
904 868 1064 954 denegatis
1085 885 1145 933 nou
1168 870 1234 932 tarn
1249 867 1283 932 in

154 974 296 1040 Afrioam
311 975 416 1040 uenire
427 973 563 1040 uoluisse
574 992 668 1056 quam
679 973 867 1039 eonscientia
878 973 1059 1056 rapinarum
1071 975 1103 1038 et
1115 971 1282 1036 eriminum

131 1078 354 1144 metandorum
375 1077 463 1143 illiue
477 1078 517 1142 ab
532 1077 608 1142 urhe
628 1076 755 1161 fugisse.
780 1078 812 1140 et
825 1095 908 1142 nune
930 1075 1077 1142 moloeiae
1098 1073 1233 1139 desertor
1248 1091 1283 1138 ae

154 1181 313 1267 profugus,
335 1181 424 1264 quasi
446 1181 586 1246 mutasse
599 1180 643 1246 sit
656 1179 814 1245 hominem
834 1181 956 1245 mutare
976 1179 1142 1263 regionem,
1166 1175 1283 1242 eonfoe-

155 1303 255 1350 eorem
270 1303 303 1349 se
316 1285 401 1350 ultra
414 1284 511 1349 laetat
525 1284 557 1349 et
571 1283 740 1366 praeditat,
761 1302 833 1348 oum
848 1280 965 1348 Christi
981 1281 1134 1347 eonieeeor
1148 1299 1205 1346 neo
1219 1279 1282 1345 dioi

155 1407 211 1454 neo
238 1405 305 1454 esse
331 1388 395 1454 iam
421 1388 521 1471 possit
546 1387 601 1469 qui
626 1386 789 1462 eeclesiam
809 1385 926 1451 Christi
952 1385 1086 1470 negauit.
1114 1403 1186 1450 nam
1213 1401 1283 1448 oum

157 1491 274 1557 Paulus
310 1491 467 1574 apostolus
499 1491 597 1556 dieat:
639 1492 796 1574 proptor
832 1489 902 1555 hoo
938 1489 1140 1571 relinquet
1176 1487 1284 1552 homo

120 1596 304 1677 inpetrem
341 1597 380 1661 et
415 1596 594 1671 matrem,
639 1595 677 1659 et
711 1595 824 1659 erunt
864 1594 935 1659 duo
971 1593 1009 1657 in
1046 1609 1159 1658 earne
1202 1599 1293 1655 una.¹

154 1700 441 1765 sacramentum
463 1699 571 1764 istud
593 1717 771 1782 magnum
793 1699 866 1774 est,
896 1715 964 1782 ego
987 1697 1116 1762 autern
1137 1695 1222 1761 dieo
1245 1694 1284 1758 in

154 1800 351 1867 Christum
372 1803 411 1867 ot
432 1803 652 1880 oculorium,
675 1820 746 1866 oum
760 1801 827 1878 hoo,
850 1801 988 1883 iuquam,
1003 1799 1111 1864 beatus
1126 1798 1284 1882 apostolus

155 1904 238 1970 dieat
252 1907 284 1970 et
299 1903 417 1971 Christi
437 1906 555 1989 pariter
568 1905 668 1987 adque
682 1905 828 1970 eeclesiae
843 1905 997 1970 unitatem
1011 1903 1183 1969 indiuiduis
1198 1901 1285 1968 neri·

154 2008 214 2073 bus
237 2008 451 2074 cohaerentem
471 2011 579 2075 saneta
598 2027 655 2073 sua
674 2027 749 2075 uooe
769 2011 913 2092 testetur,
936 2008 1087 2092 quomodo
1102 2009 1205 2091 potest
1219 2023 1284 2072 esse

121 2131 227 2176 rreum
243 2111 366 2178 Christo
387 2113 442 2195 qni
462 2131 533 2178 oum
553 2123 665 2194 spohm
679 2111 797 2178 Christi
817 2111 916 2196 adque
936 2111 1051 2177 ineius
1073 2111 1203 2176 ecelesia
1222 2126 1285 2174 non
1314 2106 1317 2118 '

156 2216 226 2282 esto
250 2217 305 2281 aut
320 2215 473 2297 quomodo
488 2216 628 2281 adsumit
642 2216 703 2281 sibi
718 2215 870 2300 regendae
886 2216 940 2280 aut
956 2213 1171 2300 gubernandae
1187 2213 1283 2278 ecole-

155 2318 220 2384 siee
235 2338 341 2384 euram
356 2318 411 2400 qui
424 2319 574 2401 spoliauit
588 2321 621 2384 et
635 2318 795 2386 fraudauit
809 2317 972 2384 eeclesiam
988 2317 1125 2382 Christi?

200 2421 283 2487 Nam
303 2421 343 2486 de
356 2421 479 2487 Nouato
503 2422 584 2486 nihil
609 2422 681 2488 iude
701 2423 742 2488 ad
762 2441 818 2487 noe
842 2421 945 2487 iuerat
969 2420 1187 2497 nrmtiandum,
1212 2423 1313 2485 oumt
1441 2415 1445 2425 ⁴

157 2525 260 2610 magis
285 2545 340 2607 per
364 2545 421 2591 nos
447 2525 535 2590 uobis
560 2525 669 2590 debeat
690 2524 832 2591 Nouatus
858 2525 980 2590 ostendi
1006 2544 1111 2590 rerum
1132 2541 1283 2588 nouarum

124 2648 283 2711 asemper
311 2628 452 2710 oupidns,
481 2628 633 2694 auaritiae
661 2628 859 2713 inexplebilis
889 2628 1058 2712 rapacitate
1088 2625 1283 2704 furibundus,
1325 2613 1327 2618 ¹

158 2730 341 2814 adrogantia
354 2733 387 2796 et
400 2733 526 2812 stupore
546 2731 672 2814 superbi
688 2732 821 2798 tumoris
835 2730 972 2809 inflatus,
995 2749 1116 2813 semper
1129 2731 1202 2795 istie
1217 2729 1283 2812 epi·

157 2835 258 2917 eoopis
273 2834 356 2898 male
368 2835 520 2917 cognitus,
536 2833 626 2916 qnasi
637 2835 810 2901 haereticus
822 2851 943 2916 semper
954 2837 986 2900 et
996 2833 1132 2918 perfidus
1144 2833 1284 2898 omnium

155 2936 349 3002 saoordotum
371 2955 444 3002 uoee
467 2938 644 3018 damnatus,
667 2939 806 3003 ouriosue
831 2957 952 3021 sempor
967 2938 1003 3002 ut
1018 2936 1139 3021 prodat,
1163 2937 1202 3002 ad
1225 2936 1283 3001 hoo

257 3123 358 3192 espa
377 3125 402 3188 e,
421 3125 463 3178 ar.
481 3124 523 3178 aa

207 3315 222 3366 1
236 3300 354 3384 eogitare
364 3313 399 3379 F,
412 3313 532 3384 rogitare
544 3315 572 3369 P
639 3332 743 3386 quoque
753 3315 788 3379 F,
800 3331 864 3370 uero
874 3313 999 3386 LPQRo
1067 3313 1211 3369 aednisso
1220 3311 1282 3382 FQ,

156 3399 303 3456 admissum
315 3402 349 3466 P,
362 3395 533 3456 admissae'L
611 3406 640 3457 ot
651 3401 840 3457 eoelesiastiois
852 3402 880 3458 R
949 3401 1110 3456 substractis
1122 3401 1150 3455 L
1226 3399 1243 3452 3
1255 3402 1284 3452 et

156 3501 206 3540 oss.
220 3486 274 3542 LR
376 3491 433 3542 tarn
452 3489 491 3558 iul
508 3493 599 3544 tamen
610 3489 674 3554 FL,
693 3492 785 3544 tarum
803 3487 870 3560 iuQ
971 3484 1230 3554 deoneoiontiamQ

156 3572 262 3628 billinc
273 3573 362 3643 FQR,
375 3574 433 3628 illie
446 3575 553 3631 LMPo
632 3575 771 3630 limitasse
782 3575 810 3630 L
879 3577 983 3630 rnntm
994 3575 1102 3644 regione
1115 3574 1148 3638 P,
1161 3575 1284 3627 nutarem

157 3659 315 3729 religionem
327 3660 354 3714 L
443 3661 458 3713 7
471 3661 589 3716 christus
602 3662 630 3716 L
718 3663 736 3716 9
747 3662 884 3731 relinquat
897 3663 925 3717 P
1017 3661 1052 3715 10
1063 3660 1184 3729 matrem]
1197 3661 1225 3714 et
1237 3645 1284 3712 ad'·

156 3745 278 3802 haerebit
289 3747 363 3801 uxori
375 3763 439 3802 suae
447 3747 511 3802 add
522 3747 658 3802 Balssise
667 3765 701 3803 aa
710 3752 728 3803 d
736 3748 815 3804 eodd.
885 3765 938 3802 una
949 3763 1027 3803 earne
1036 3747 1072 3812 R,
1085 3763 1166 3800 uuam
1177 3761 1283 3800 earnem

158 3832 256 3903 LPQe
354 3834 386 3887 ll
398 3834 482 3904 istud]
495 3834 586 3889 hoeF
681 3834 924 3890 mansam
1021 3834 1058 3904 et]
1071 3833 1140 3887 etin
1153 3831 1250 3902 Papo

155 3918 265 3974 ecelesia
275 3920 304 3975 R
378 3919 428 3974 hoo
439 3935 490 3974 osa
504 3920 534 3975 F
599 3920 694 3974 beatus
705 3938 756 3976 oea
769 3920 798 3975 L
872 3921 906 3974 13
917 3921 1049 3975 christum
1061 3918 1143 3988 LPQ
1210 3919 1283 3974 inui-

156 4003 218 4058 duis
230 4022 264 4060 aa
278 4005 381 4062 inuidis
395 4005 588 4078 Qtipdiuiduis
599 4006 648 4076 M)
719 4007 753 4061 14
764 4006 932 4060 ooherentem
941 4005 1024 4076 FPQ
1092 4007 1213 4060 sanatam
1222 4006 1248 4060 L

156 4093 274 4144 testatur
286 4092 315 4146 P
417 4094 450 4148 15
461 4109 586 4162 sponsam
600 4091 624 4162 Q
720 4091 778 4147 eius
794 4109 846 4146 om.
859 4093 888 4148 R
984 4093 1018 4147 16
1030 4091 1085 4146 sibi
1096 4089 1249 4146 assumitR

156 4175 190 4228 17
202 4177 332 4245 spoliabit
343 4178 373 4233 F
472 4179 611 4234 fraudabit
621 4179 653 4233 F
746 4179 843 4234 ohristi
854 4195 904 4234 oen.
918 4179 945 4234 R
1048 4179 1082 4232 18
1092 4178 1163 4249 inda]
1176 4177 1209 4232 de
1222 4178 1250 4234 R

155 4263 312 4318 nuntiatum
323 4265 354 4319 F
443 4267 476 4321 19
488 4265 546 4335 per]
558 4281 575 4318 a
586 4265 618 4319 F
703 4280 832 4320 nouorum
845 4265 875 4320 F
962 4263 998 4318 20
1008 4279 1112 4333 semper
1123 4279 1172 4320 om.
1181 4263 1215 4319 *R

155 4347 264 4417 cupidos
276 4350 306 4404 L
373 4351 528 4420 inexplebili
542 4351 593 4422 Po
665 4351 699 4405 21
712 4350 794 4406 istiuo
805 4350 836 4405 F
901 4352 936 4406 ἢ
947 4349 1063 4420 eoguitis
1075 4349 1114 4404 R¹
1184 4349 1283 4403 hereti·

155 4449 200 4488 ⁰⁰⁵
213 4433 238 4504 C
