3242 5159
450 581 452 586 ,
522 529 682 597 Epistula
699 527 916 604 exn-nuri.
1219 536 1283 600 699

194 683 277 750 Nam
304 703 374 749 oum
402 684 500 749 denuo
526 671 683 766 apostolus
708 685 827 750 Paulus
854 686 955 751 dieat:
989 689 1163 754 nesoitis
1192 690 1310 771 quiet

153 786 342 869 templum
379 787 452 852 Dei
495 788 592 852 estis
635 791 672 853 et
714 789 884 870 spiritus
926 790 996 855 Dei
1036 791 1197 857 habitat
1240 793 1281 856 in

153 890 290 954 nobis?
324 890 448 955 etiamsi
482 891 595 955 raritas
628 891 732 956 minue
764 892 903 977 adegerit
939 893 979 958 sd
1015 911 1103 976 opem
1131 895 1281 960 fratribus

154 994 322 1072 ferendam,
349 992 605 1059 considerandum
630 996 735 1059 tamen
759 994 818 1059 boo
839 996 873 1059 in
899 996 965 1061 loeo
992 994 1054 1060 biit
1077 998 1136 1062 Dei
1161 999 1281 1080 templa

130 1117 219 1163 resse
248 1116 326 1180 quae
354 1097 447 1179 capta
474 1099 556 1176 sunt,
586 1116 642 1182 neo
670 1099 820 1180 patinos
849 1098 943 1182 longa
972 1101 1139 1165 cessatione
1166 1104 1197 1166 et
1223 1121 1278 1166 ne-

151 1201 253 1285 gleoto
280 1201 384 1265 dolore
417 1200 527 1265 debere
561 1201 597 1264 ut
630 1201 684 1265 diu
712 1201 772 1266 Dei
804 1202 924 1285 templa
957 1204 1083 1286 captiua
1115 1204 1187 1282 sint,
1224 1203 1279 1269 sed

150 1304 262 1386 quibus
298 1322 460 1386 possumus
497 1304 653 1369 elaborare
695 1304 815 1369 uiribus
851 1307 882 1369 et
918 1305 1067 1371 uelociter
1103 1326 1208 1392 gerere
1243 1308 1281 1372 ut

150 1406 309 1472 Christum
340 1407 476 1472 iudicem
504 1408 535 1471 et
561 1407 731 1472 Dominum
753 1408 855 1473 Deum
881 1409 1021 1473 nostrum
1050 1427 1280 1491 promereamur

150 1511 305 1594 obsequiis
325 1512 448 1576 nostris.
470 1531 543 1577 nam
564 1531 634 1576 oum
649 1512 734 1577 diost
748 1512 866 1577 Paulus
889 1513 1061 1596 apostolus:
1085 1518 1280 1597 quotquot

115 1614 189 1679 rein
212 1615 366 1680 Christo
396 1615 592 1699 baptizati
616 1616 731 1694 estis,
763 1615 967 1681 Christum
997 1610 1212 1696 induistis,
1245 1619 1278 1683 in

152 1718 285 1802 osptiuis
300 1717 450 1784 fratribus
465 1719 578 1784 uostris
594 1719 849 1802 contemplandus
863 1722 912 1784 est
926 1719 1068 1812 Christus
1080 1722 1111 1786 et
1122 1721 1276 1786 redimen-

152 1820 210 1885 dus
226 1822 264 1886 de
278 1823 414 1903 periculo
430 1823 633 1906 captiuitatis
656 1824 710 1905 qui
726 1842 780 1888 noe
796 1825 928 1889 redemit
943 1825 981 1888 de
995 1825 1132 1908 perieulo
1154 1826 1275 1904 mortis,

156 1926 193 1988 ut
207 1925 331 2006 quinos
346 1925 384 1990 de
400 1925 516 1991 diaboli
532 1926 674 1991 faucibus
690 1927 775 1992 exuit
790 1947 874 1992 nuno
887 1929 954 2011 ipse
969 1929 1023 2011 qui
1043 1931 1148 1994 manet
1168 1931 1199 1994 et
1219 1930 1276 1995 ba-

13 2093 16 2102 ,
154 2027 236 2092 bitot
260 2027 292 2092 in
317 2029 406 2094 nobis
432 2030 470 2095 de
496 2029 695 2094 barbarorum
723 2030 866 2095 manibus
893 2033 1024 2096 exuatur
1049 2033 1080 2096 et
1103 2032 1276 2098 redimatur

12 2167 14 2204 z
115 2131 328 2196 nnummaria
356 2132 532 2213 quantitate
554 2133 684 2214 quinos
707 2151 796 2198 aruoe
818 2134 951 2199 redemit
974 2137 1005 2199 et
1027 2136 1193 2220 sanguine:
1222 2138 1276 2218 qui

148 2235 263 2300 ideireo
283 2235 359 2299 haee
383 2235 450 2330 lieri
472 2235 599 2301 interim
621 2237 750 2318 pat'tur,
774 2239 811 2302 ut
826 2237 902 2302 fides
924 2240 1030 2302 nostre
1049 2240 1220 2322 temptetur
1236 2260 1275 2305 an
1330 2316 1332 2321 ,

149 2338 245 2404 faeiat
260 2339 471 2421 unusquisque
492 2356 547 2422 pro
569 2341 666 2404 altero
689 2340 771 2421 quod
792 2359 848 2422 pro
871 2360 903 2406 se
924 2341 992 2406 fieri
1016 2329 1126 2422 uellet*
1143 2343 1171 2408 si
1192 2345 1276 2427 apud

149 2442 296 2506 barbaros
311 2444 468 2507 teneretur
481 2443 548 2524 ipse
563 2444 715 2527 captiuus.
732 2444 801 2525 quie
817 2445 900 2509 enim
914 2463 974 2509 non
989 2445 1196 2513 humanitatis
1208 2467 1275 2513 me-

12 2611 15 2628 ὶ
151 2563 219 2610 mor
233 2547 265 2610 ot
279 2548 407 2611 mutuae
423 2546 598 2611 dilectionis
612 2547 798 2625 admonitus,
815 2549 843 2612 si
857 2550 945 2631 pater
960 2552 1017 2626 est,
1032 2549 1099 2613 illie
1114 2542 1179 2618 esse
1193 2571 1275 2616 nuno

12 2689 14 2728 3
120 2648 235 2714 eefilios
250 2667 321 2714 suos
336 2651 509 2732 computet:
526 2651 554 2716 si
569 2651 701 2716 maritus
717 2653 773 2728 est,
788 2670 915 2716 uxorem
930 2672 1019 2717 suam
1034 2653 1102 2717 illio
1116 2653 1275 2736 captiuam

148 2753 245 2816 teneri
261 2753 451 2818 cumdolore
466 2753 582 2835 pariter
597 2773 633 2819 ao
648 2754 768 2819 uinenli
792 2755 948 2820 maritalis
970 2773 1075 2821 amore
1095 2756 1275 2822 existimet?

150 2857 282 2936 quantus
297 2873 370 2920 uero
394 2857 566 2921 eommunis
587 2857 731 2922 omnibus
751 2858 847 2923 nobis.
862 2877 984 2923 maeror
1003 2859 1096 2942 atque
1121 2861 1276 2926 oruoiatus

149 2960 197 3023 est
212 2956 250 3023 de
264 2958 400 3039 periculo
416 2959 577 3043 uirginum
592 2978 669 3042 quae
684 2960 751 3026 illio
765 2963 920 3039 tenentur,
936 2981 991 3044 pro
1006 2964 1119 3044 quibus
1134 2982 1194 3029 non
1206 2966 1277 3030 tan·

12 3147 13 3152 ¹
149 3062 218 3125 tum
240 3061 396 3127 libertatis
411 3063 464 3132 sed
480 3066 511 3128 et
526 3063 652 3145 pudoris
667 3063 787 3130 iaetura
801 3064 976 3149 plangenda
991 3068 1108 3132 estnec
1123 3069 1190 3132 tam
1205 3069 1276 3133 uin·

12 3235 13 3238 ¹
114 3163 219 3228 recula
240 3165 438 3231 barbarorum
455 3185 548 3248 quam
571 3166 717 3232 lenonum
739 3168 771 3232 et
793 3167 990 3250 lupanarium
1009 3172 1118 3251 stupra
1139 3169 1302 3236 deflenda·

153 3269 234 3344 sunt,
250 3287 290 3333 ne
304 3269 444 3334 membra
459 3269 582 3337 Christo
598 3270 702 3336 dicate
716 3273 747 3336 et
762 3272 802 3336 ed
818 3273 978 3337 aeternum
995 3273 1200 3338 continentiae
1220 3275 1276 3338 ho-

149 3474 219 3538 fod
258 3478 294 3539 tu

182 3494 278 3656 e(birlalae
296 3479 404 3644 {inme
418 3580 491 3645 istie
505 3549 673 3646 seeundum
689 3581 811 3648 litteras
835 3584 954 3647 uestras
973 3583 1153 3647 fraternitas
1173 3585 1308 3651 nostrai
1398 3636 1402 3647 .

115 3703 140 3744 oo
149 3683 289 3766 cogitans
320 3684 351 3747 ot
373 3683 512 3748 dolenter
541 3684 719 3749 examinans
740 3687 883 3767 prompte
905 3704 1011 3751 omnes
1034 3687 1066 3750 et
1088 3686 1222 3751 libenter
1244 3705 1280 3752 ao

252 3871 267 3924 1
285 3870 300 3924 Ι
318 3871 374 3924 Cor.
394 3871 419 3935 3,
439 3872 479 3926 16.
550 3873 567 3924 9
585 3871 643 3925 Gal.
661 3871 687 3936 3,
705 3873 752 3926 27.

198 4040 313 4111 betsip
450 4041 630 4097 noeminuso
768 4041 891 4112 adegerit
902 4044 1011 4113 scripsi,
1030 4043 1148 4113 adigerit
1158 4061 1203 4114 rp,
1221 4045 1279 4099 adi·

152 4129 256 4193 gereto
370 4127 438 4197 bot]
450 4143 527 4182 neor
644 4128 778 4183 luiribns
790 4128 956 4184 elaboraree
1070 4130 1128 4184 eet
1139 4131 1245 4185 doumo

149 4211 166 4264 9
178 4214 311 4280 quotquot
325 4253 347 4267 ..
360 4257 364 4266 .
380 4213 510 4268 induistis
522 4231 571 4268 ooo.
585 4231 620 4283 rp
708 4215 741 4269 12
754 4215 899 4269 deredimit
910 4221 942 4285 μ1
1030 4217 1064 4270 lb
1074 4219 1197 4272 numeris
1209 4234 1245 4286 νμ

149 4297 183 4350 21
196 4299 338 4368 napudore
351 4301 454 4354 uinculi
466 4301 630 4355 maritaliter
756 4300 875 4370 22uero]
888 4301 989 4354 enimr
1111 4318 1246 4374 merorrp

149 4383 252 4437 24tsm
264 4401 345 4440 orer
465 4387 704 4457 251upsnarump
819 4387 908 4457 26no]
922 4402 1016 4457 neorp
1131 4388 1175 4458 sd]
1189 4391 1217 4442 in
1232 4409 1246 4441 n

149 4469 182 4523 27
196 4467 320 4524 libidinis
332 4488 376 4541 rp,
390 4471 504 4526 libidine
516 4475 543 4526 et
555 4489 572 4527 o
