3242 5159
467 443 644 513 Epistulae
660 442 832 497 LXXIIII.
851 459 872 497 c
891 444 967 497 2-3.
1215 444 1277 509 801

155 598 309 664 infamare
332 597 485 681 apostolos
509 598 629 677 debeat,
654 599 743 681 qnasi
765 599 815 663 illi
838 599 1062 666 haereticorum
1088 600 1278 682 baptismata

153 702 352 783 probauerint
377 703 432 766 aut
457 702 502 767 eis
526 702 591 767 sine
614 701 760 767 ecclesiae
789 703 942 785 baptismo
970 704 1276 785 communicauerint,

153 806 275 887 quando
296 805 373 869 talia
387 804 424 870 de
439 805 602 870 haereticis
623 805 753 888 apostoli
774 806 973 888 scripserunt,
996 809 1029 872 et
1042 806 1101 871 hoc
1115 825 1187 870 cum
1201 825 1275 871 non·

155 908 231 973 dum
257 907 428 973 baereticae
452 910 555 990 pestes
583 908 715 975 acriores
744 909 968 992 prorupissent,
995 910 1129 974 necdum
1159 926 1278 989 quoque

129 1012 291 1077 eMarcion
314 1010 461 1075 Ponticus
483 1009 521 1075 de
545 1010 645 1075 Ponto
670 1012 854 1089 emersisset,
878 1012 967 1077 ouius
989 1013 1139 1095 magister
1161 1009 1278 1075 cordon

151 1114 210 1179 sub
225 1114 350 1198 Hygino
365 1113 505 1196 episcopo
520 1114 574 1196 qui
587 1113 620 1177 in
635 1114 710 1179 urbe
724 1132 822 1179 nouus
837 1113 899 1178 init
912 1114 1046 1179 Romam
1063 1114 1165 1179 uenit:
1187 1131 1279 1195 quem

152 1217 291 1283 Marcion
306 1218 431 1281 secutus
446 1216 563 1282 additis
579 1218 618 1281 ad
630 1217 746 1282 crimen
761 1217 939 1301 augmentis
953 1216 1154 1299 inpudentiae
1168 1217 1279 1281 ceteris

154 1321 187 1385 et
202 1320 364 1402 abruptius
378 1318 412 1383 in
423 1320 524 1384 Deum
538 1322 662 1403 patrem
678 1320 847 1385 creatorem
863 1320 1077 1402 blasphemare
1091 1320 1233 1384 instituit
1247 1320 1279 1383 et

155 1422 347 1489 haereticum
367 1420 503 1487 furorem
524 1422 684 1506 sacrilegis
706 1422 801 1487 armis
823 1424 931 1487 contra
950 1423 1111 1488 ecclesiam
1126 1420 1279 1487 rebellan-

118 1526 221 1589 1otem
236 1524 416 1590 sceleratius
432 1526 464 1589 et
478 1526 605 1608 grauius
621 1526 766 1591 armauit.

198 1628 286 1707 Quod
307 1628 334 1693 ei
355 1628 495 1693 haereses
518 1631 639 1695 constat
661 1629 860 1714 postmodum
882 1631 987 1714 piures
1007 1649 1042 1695 eo
1061 1631 1179 1713 peiores
1201 1627 1308 1695 enti-³

153 1732 229 1796 tissa
252 1730 283 1795 et
305 1731 333 1795 si
355 1735 436 1797 retro
463 1751 616 1815 nusquam
642 1733 767 1797 omnino
792 1734 992 1816 praeceptum
1017 1736 1066 1799 est
1086 1752 1185 1816 neque
1208 1750 1280 1797 oon·

155 1836 317 1918 scriptum,
339 1838 375 1901 ut
388 1836 542 1902 haeretico
564 1855 675 1901 manus
690 1837 814 1901 tautum
828 1836 861 1901 in
875 1836 1097 1918 paenitentiam
1116 1837 1281 1917 inponatur

159 1939 251 2005 etsie
266 1940 295 2003 ei
310 1940 562 2017 communicetur,
585 1941 616 2005 et
631 1939 658 2003 si
672 1938 831 2023 baptisma
850 1957 912 2004 non
930 1941 993 2005 nisi
1014 1961 1111 2005 unum
1132 1942 1180 2004 est
1199 1939 1281 2021 qnod

122 2064 148 2103 1e
159 2042 243 2126 apud
263 2060 317 2107 nos
341 2043 388 2109 est
404 2045 435 2107 et
449 2043 534 2108 intus
557 2044 605 2107 est
619 2045 652 2107 et
666 2043 725 2109 soli
749 2043 896 2109 ecclesiae
918 2042 955 2107 de
970 2043 1078 2109 diuina
1101 2043 1280 2127 dignatione

55 2140 56 2147 ’
160 2163 338 2212 concessum
363 2148 421 2229 est,
451 2165 529 2227 quae
558 2147 621 2211 ista
650 2146 818 2211 obstinatio
847 2149 895 2211 est
914 2165 1041 2228 »quaeue
1070 2146 1280 2228 praesumptio

55 2316 57 2335 ζ
156 2248 327 2315 humanam
368 2249 569 2315 traditionem
612 2248 737 2314 diuinae
772 2248 967 2330 dispositioni
1004 2250 1188 2332 anteponere
1223 2268 1281 2313 nec

55 2344 56 2353 ’
157 2352 402 2417 animaduertere
423 2351 580 2435 indignari
602 2354 634 2416 et
653 2352 747 2418 irasci
762 2352 873 2430 Deum,
898 2352 1041 2434 quotiens
1063 2352 1170 2417 diuina
1191 2371 1280 2435 prae·

55 2452 56 2459 ’
157 2457 246 2537 copta
267 2455 363 2521 soluit
378 2457 410 2519 et
423 2455 572 2538 praeterit
592 2454 729 2519 hnmana
742 2454 881 2538 madido,
903 2456 985 2519 sicut
998 2473 1052 2537 per
1066 2455 1194 2519 Esaiam
1208 2474 1280 2538 pro·

119 2558 283 2640 sophotam
298 2559 414 2623 clamat
429 2558 460 2623 et
474 2556 568 2622 dicit:
591 2558 755 2640 populus
776 2558 854 2622 iste
874 2556 993 2623 labiis
1014 2556 1282 2623 honorificant

156 2681 226 2739 me,
255 2678 317 2725 cor
339 2678 427 2726 uero
450 2677 579 2725 eornm
601 2660 714 2744 longe
737 2661 959 2742 separatum
981 2662 1041 2725 est
1063 2679 1081 2724 a
1103 2680 1169 2726 mo.
1199 2661 1282 2725 sine
1307 2656 1311 2663 “

157 2780 272 2829 causa
300 2764 426 2828 autem
448 2763 581 2827 colunt
603 2782 658 2827 me
680 2763 860 2828 mandata
881 2766 920 2828 et
942 2764 1141 2827 doctrinas
1162 2763 1280 2829 homi-

158 2887 245 2932 num
264 2866 452 2931 docentes.
476 2866 553 2930 item
568 2866 719 2930 Dominus
734 2865 767 2931 in
782 2866 944 2950 euangelio
959 2867 1118 2949 increpans
1133 2865 1282 2931 similiter

158 2972 191 3034 et
218 2970 384 3055 obiurgans
414 2970 500 3051 ponit
528 2971 559 3033 et
581 2970 674 3033 dicit:
704 2970 860 3034 reicitis
889 2969 1111 3050 mandatum
1142 2969 1212 3034 Dei
1241 2970 1284 3033 ut

258 3192 294 3245 20
313 3190 357 3245 Ee.
375 3190 417 3256 29,
436 3190 476 3244 13.
547 3191 582 3245 24
599 3190 679 3245 Marc.
700 3191 724 3251 7.
745 3191 783 3244 13.

211 3396 396 3466 lapoetoioL
497 3396 857 3466 decripserintBGDPTo
959 3396 1116 3481 cumhocC
1218 3411 1282 3449 non-

158 3508 231 3577 dum]
246 3523 299 3562 non
310 3507 396 3562 adhuc
411 3508 434 3563 0
540 3509 558 3561 5
569 3508 688 3566 marcian
706 3508 738 3563 0¹
846 3476 970 3577 perusa}
983 3524 1011 3563 so
1024 3508 1047 3563 0
1143 3507 1188 3561 'de
1199 3511 1282 3576 ponto

158 3610 207 3649 oua
224 3593 248 3649 0
314 3594 452 3647 mersisset
463 3595 491 3646 et
509 3594 532 3649 0
599 3595 729 3663 magister
742 3594 849 3664 cerdon]
862 3594 1009 3648 mercedem
1021 3593 1045 3649 0
1112 3594 1128 3647 6
1141 3593 1238 3661 hycino
1247 3593 1281 3657 L,

55 3690 56 3701 ¹
161 3679 261 3749 hygino
273 3682 337 3732 tunc
349 3678 393 3733 Bo
479 3678 571 3733 urbem
583 3679 640 3733 ΒΤ
726 3680 871 3748 tseoutns]
884 3679 990 3733 aeonius
1001 3679 1030 3733 Β
1116 3677 1244 3748 additisq.
1260 3679 1285 3733 Τ

160 3781 185 3835 q.
197 3782 217 3820 s.
231 3766 259 3834 t,
272 3764 408 3819 addititii
492 3764 614 3819 criminis
627 3780 661 3818 eo
674 3752 739 3819 crim
752 3764 775 3819 C
860 3767 1033 3833 angmentum
1047 3765 1082 3819 0²
1174 3765 1192 3819 8
1204 3764 1282 3817 abru-

158 3851 215 3905 tius
231 3854 256 3906 T
364 3851 519 3920 9inrorem]
532 3850 657 3919 pudorem
672 3851 698 3905 Β
807 3851 843 3904 10
854 3852 962 3920 graoius
975 3851 1008 3906 0¹
1119 3852 1151 3904 11
1164 3850 1283 3903 haeresis

159 3935 292 3993 now
377 3936 466 4006 plnres
478 3939 506 3991 et
518 3954 552 3990 ex
564 3937 671 4005 pluium
684 3952 712 3989 se
728 3937 751 3992 0
836 3937 870 3991 12
881 3937 906 3989 si
917 3952 968 3989 om.
981 3936 1009 3990 Β
1096 3936 1129 3990 13
1141 3935 1283 4003 haeretico]

160 4022 325 4092 rebaptizato
338 4025 365 4076 et
377 4037 432 4075 non
444 4022 508 4075 add.
522 4021 550 4075 Β
661 4024 769 4075 tantum
780 4037 876 4075 manns
893 4022 958 4077 OTo
1060 4021 1212 4090 penitentia
1229 4021 1251 4075 0

160 4108 193 4161 14
205 4107 274 4176 qnod
286 4107 385 4176 capii
453 4106 598 4175 quodam
611 4106 751 4162 estorac
820 4107 852 4160 16
864 4105 1073 4160 obstinationem
1086 4107 1147 4174 (om.
1160 4107 1252 4171 est)0

163 4195 193 4248 17
206 4193 381 4263 dispositione
395 4194 431 4247 T¹
490 4194 523 4247 18
535 4196 564 4246 et
575 4192 712 4262 indignari
724 4196 751 4247 et
768 4193 918 4249 Gaiteram
929 4195 957 4245 et
967 4207 991 4246 a.
1004 4192 1020 4246 1.
1075 4193 1108 4247 19
1122 4192 1210 4245 solnet
1221 4191 1249 4245 Β

55 4310 56 4319 =
161 4280 261 4333 eseiam
273 4280 301 4333 P
448 4278 482 4333 20
496 4265 654 4333 honorificat
665 4278 809 4334 0L²Pr¹e
955 4278 989 4332 23
1001 4280 1107 4332 etitem
1121 4279 1147 4333 Τ
1156 4280 1184 4331 et
1196 4278 1248 4333 ai

161 4366 195 4420 24
206 4364 332 4434 obiurgat
344 4366 371 4421 Β
475 4364 601 4419 mandata
616 4364 642 4419 T
738 4370 802 4433 post
813 4364 858 4419 dei
869 4380 923 4419 ras.
936 4368 1042 4420 20-24
1055 4364 1106 4418 litt,
1120 4366 1152 4417 in
1167 4365 1192 4417 T

262 4472 310 4516 ur.
1036 4454 1076 4516 51
