<?xml version="1.0" encoding="UTF-8"?>
<!DOCTYPE html PUBLIC "-//W3C//DTD XHTML 1.0 Transitional//EN"
    "http://www.w3.org/TR/xhtml1/DTD/xhtml1-transitional.dtd">
<html xmlns="http://www.w3.org/1999/xhtml" xml:lang="en" lang="en">
 <head>
  <title>
</title>
<meta http-equiv="Content-Type" content="text/html;charset=utf-8" />
  <meta name='ocr-system' content='tesseract 3.04.00' />
  <meta name='ocr-capabilities' content='ocr_page ocr_carea ocr_par ocr_line ocrx_word'/>
</head>
<body>
  <div class='ocr_page' id='page_1' title='image "./corpusscriptoru04wiengoog/corpusscriptoru04wiengoog_0817.png"; bbox 0 0 3242 5159; ppageno 0'>
   <div class='ocr_carea' id='block_1_1' title="bbox 462 535 1270 607">
    <p class='ocr_par' dir='ltr' id='par_1_1' title="bbox 462 535 1270 607">
     <span class='ocr_line' id='line_1_1' title="bbox 462 535 1270 607; baseline 0.006 -19"><span class='ocrx_word' id='word_1_1' title='bbox 462 535 639 605; x_wconf 74' lang='lat' dir='ltr'><strong>Epistulae</strong></span> <span class='ocrx_word' id='word_1_2' title='bbox 657 535 807 590; x_wconf 84' lang='lat' dir='ltr'>LXXIII.</span> <span class='ocrx_word' id='word_1_3' title='bbox 826 553 847 589; x_wconf 89' lang='lat' dir='ltr'><strong>e.</strong></span> <span class='ocrx_word' id='word_1_4' title='bbox 867 537 959 592; x_wconf 75' lang='lat'><strong>7-10.</strong></span> <span class='ocrx_word' id='word_1_5' title='bbox 1208 542 1270 607; x_wconf 80' lang='lat'><strong>785</strong></span> 
     </span>
    </p>
   </div>
   <div class='ocr_carea' id='block_1_2' title="bbox 23 693 1320 2535">
    <p class='ocr_par' dir='ltr' id='par_1_2' title="bbox 23 693 1320 2535">
     <span class='ocr_line' id='line_1_2' title="bbox 145 693 1270 775; baseline 0.001 -16"><span class='ocrx_word' id='word_1_6' title='bbox 145 696 182 759; x_wconf 88' lang='lat' dir='ltr'><strong>ut</strong></span> <span class='ocrx_word' id='word_1_7' title='bbox 207 694 344 759; x_wconf 87' lang='lat' dir='ltr'><strong>oratione</strong></span> <span class='ocrx_word' id='word_1_8' title='bbox 367 712 422 775; x_wconf 88' lang='lat' dir='ltr'><strong>pro</strong></span> <span class='ocrx_word' id='word_1_9' title='bbox 446 693 490 757; x_wconf 93' lang='lat' dir='ltr'><strong>eis</strong></span> <span class='ocrx_word' id='word_1_10' title='bbox 513 693 620 757; x_wconf 82' lang='lat' dir='ltr'><strong>babitu</strong></span> <span class='ocrx_word' id='word_1_11' title='bbox 640 694 672 758; x_wconf 89' lang='lat' dir='ltr'><strong>et</strong></span> <span class='ocrx_word' id='word_1_12' title='bbox 690 713 785 759; x_wconf 84' lang='lat' dir='ltr'><strong>manu</strong></span> <span class='ocrx_word' id='word_1_13' title='bbox 809 694 944 775; x_wconf 76' lang='lat' dir='ltr'>Inposita</span> <span class='ocrx_word' id='word_1_14' title='bbox 965 695 1161 760; x_wconf 86' lang='lat' dir='ltr'><strong>inuocaretnr</strong></span> <span class='ocrx_word' id='word_1_15' title='bbox 1175 697 1207 760; x_wconf 90' lang='lat' dir='ltr'><strong>et</strong></span> <span class='ocrx_word' id='word_1_16' title='bbox 1220 695 1270 760; x_wconf 92' lang='lat' dir='ltr'><strong>in·</strong></span> 
     </span>
     <span class='ocr_line' id='line_1_3' title="bbox 152 797 1270 883; baseline 0.002 -22"><span class='ocrx_word' id='word_1_17' title='bbox 152 797 333 863; x_wconf 83' lang='lat' dir='ltr'><strong>funderetur</strong></span> <span class='ocrx_word' id='word_1_18' title='bbox 355 815 445 878; x_wconf 89' lang='lat' dir='ltr'><strong>super</strong></span> <span class='ocrx_word' id='word_1_19' title='bbox 466 813 516 861; x_wconf 90' lang='lat' dir='ltr'><strong>ecs</strong></span> <span class='ocrx_word' id='word_1_20' title='bbox 536 798 663 880; x_wconf 88' lang='lat' dir='ltr'><strong>spiritns</strong></span> <span class='ocrx_word' id='word_1_21' title='bbox 684 800 818 863; x_wconf 90' lang='lat' dir='ltr'><strong>sanetus.</strong></span> <span class='ocrx_word' id='word_1_22' title='bbox 843 799 924 881; x_wconf 90' lang='lat' dir='ltr'><strong>quod</strong></span> <span class='ocrx_word' id='word_1_23' title='bbox 945 818 1025 864; x_wconf 91' lang='lat' dir='ltr'><strong>nune</strong></span> <span class='ocrx_word' id='word_1_24' title='bbox 1046 818 1166 881; x_wconf 86' lang='lat' dir='ltr'><strong>quoque</strong></span> <span class='ocrx_word' id='word_1_25' title='bbox 1187 800 1270 883; x_wconf 89' lang='lat' dir='ltr'><strong>apnd</strong></span> 
     </span>
     <span class='ocr_line' id='line_1_4' title="bbox 24 900 1320 985; baseline -0.003 -20"><span class='ocrx_word' id='word_1_26' title='bbox 24 906 30 949; x_wconf 74' lang='grc' dir='ltr'><em>ῑ</em></span> <span class='ocrx_word' id='word_1_27' title='bbox 144 918 200 965; x_wconf 92' lang='lat' dir='ltr'><strong>nos</strong></span> <span class='ocrx_word' id='word_1_28' title='bbox 222 901 350 984; x_wconf 80' lang='lat' dir='ltr'>geritur,</span> <span class='ocrx_word' id='word_1_29' title='bbox 372 900 481 981; x_wconf 91' lang='lat' dir='ltr'><strong>utqui</strong></span> <span class='ocrx_word' id='word_1_30' title='bbox 502 900 536 965; x_wconf 91' lang='lat' dir='ltr'><strong>in</strong></span> <span class='ocrx_word' id='word_1_31' title='bbox 557 900 685 965; x_wconf 88' lang='lat' dir='ltr'><strong>eeclesia</strong></span> <span class='ocrx_word' id='word_1_32' title='bbox 704 900 901 982; x_wconf 87' lang='lat' dir='ltr'><strong>baptizantur</strong></span> <span class='ocrx_word' id='word_1_33' title='bbox 921 903 1105 985; x_wconf 89' lang='lat' dir='ltr'><strong>praepositis</strong></span> <span class='ocrx_word' id='word_1_34' title='bbox 1126 902 1270 967; x_wconf 86' lang='lat' dir='ltr'><strong>eeclesiae</strong></span> <span class='ocrx_word' id='word_1_35' title='bbox 1316 913 1320 961; x_wconf 75' lang='lat' dir='ltr'><strong>c</strong></span> 
     </span>
     <span class='ocr_line' id='line_1_5' title="bbox 24 1004 1269 1086; baseline 0.001 -18"><span class='ocrx_word' id='word_1_36' title='bbox 24 1012 29 1055; x_wconf 61' lang='grc' dir='ltr'>ἒ</span> <span class='ocrx_word' id='word_1_37' title='bbox 146 1004 315 1069; x_wconf 82' lang='lat' dir='ltr'><strong>offerantrn</strong></span> <span class='ocrx_word' id='word_1_38' title='bbox 345 1005 376 1068; x_wconf 91' lang='lat' dir='ltr'><strong>et</strong></span> <span class='ocrx_word' id='word_1_39' title='bbox 405 1022 459 1085; x_wconf 92' lang='lat' dir='ltr'><strong>per</strong></span> <span class='ocrx_word' id='word_1_40' title='bbox 487 1005 624 1070; x_wconf 85' lang='lat' dir='ltr'><strong>nostram</strong></span> <span class='ocrx_word' id='word_1_41' title='bbox 654 1004 824 1069; x_wconf 90' lang='lat' dir='ltr'><strong>oraticnem</strong></span> <span class='ocrx_word' id='word_1_42' title='bbox 852 1024 887 1069; x_wconf 90' lang='lat' dir='ltr'><strong>ae</strong></span> <span class='ocrx_word' id='word_1_43' title='bbox 912 1022 1023 1069; x_wconf 88' lang='lat' dir='ltr'><strong>manus</strong></span> <span class='ocrx_word' id='word_1_44' title='bbox 1051 1005 1269 1086; x_wconf 87' lang='lat' dir='ltr'><strong>inpositionem</strong></span> 
     </span>
     <span class='ocr_line' id='line_1_6' title="bbox 24 1108 1316 1193; baseline 0.002 -21"><span class='ocrx_word' id='word_1_45' title='bbox 24 1150 25 1159; x_wconf 23' lang='grc' dir='ltr'>η</span> <span class='ocrx_word' id='word_1_46' title='bbox 123 1108 293 1192; x_wconf 69' lang='lat' dir='ltr'><strong>sspiritum</strong></span> <span class='ocrx_word' id='word_1_47' title='bbox 329 1110 471 1172; x_wconf 87' lang='lat' dir='ltr'><strong>sanctum</strong></span> <span class='ocrx_word' id='word_1_48' title='bbox 506 1109 732 1190; x_wconf 76' lang='lat' dir='ltr'><strong>consequantur</strong></span> <span class='ocrx_word' id='word_1_49' title='bbox 761 1110 792 1172; x_wconf 91' lang='lat' dir='ltr'><strong>et</strong></span> <span class='ocrx_word' id='word_1_50' title='bbox 821 1109 982 1193; x_wconf 82' lang='lat' dir='ltr'><strong>signaculo</strong></span> <span class='ocrx_word' id='word_1_51' title='bbox 1014 1110 1168 1174; x_wconf 90' lang='lat' dir='ltr'><strong>dominico</strong></span> <span class='ocrx_word' id='word_1_52' title='bbox 1198 1126 1270 1174; x_wconf 90' lang='lat' dir='ltr'><strong>ocn-</strong></span> <span class='ocrx_word' id='word_1_53' title='bbox 1311 1127 1316 1148; x_wconf 81' lang='grc'>’</span> 
     </span>
     <span class='ocr_line' id='line_1_7' title="bbox 24 1212 349 1276; baseline -0.006 0"><span class='ocrx_word' id='word_1_54' title='bbox 24 1224 26 1266; x_wconf 78' lang='grc' dir='ltr'><em>ὶ</em></span> <span class='ocrx_word' id='word_1_55' title='bbox 146 1212 349 1276; x_wconf 88' lang='lat' dir='ltr'><strong>summentur.</strong></span> 
     </span>
     <span class='ocr_line' id='line_1_8' title="bbox 186 1309 1320 1397; baseline 0 -18"><span class='ocrx_word' id='word_1_56' title='bbox 186 1315 257 1379; x_wconf 89' lang='lat' dir='ltr'><strong>Non</strong></span> <span class='ocrx_word' id='word_1_57' title='bbox 272 1316 319 1379; x_wconf 91' lang='lat' dir='ltr'><strong>est</strong></span> <span class='ocrx_word' id='word_1_58' title='bbox 330 1331 411 1397; x_wconf 86' lang='lat' dir='ltr'><strong>ergo,</strong></span> <span class='ocrx_word' id='word_1_59' title='bbox 424 1312 519 1379; x_wconf 74' lang='lat' dir='ltr'><strong>buter</strong></span> <span class='ocrx_word' id='word_1_60' title='bbox 530 1313 697 1391; x_wconf 86' lang='lat' dir='ltr'><strong>carissime,</strong></span> <span class='ocrx_word' id='word_1_61' title='bbox 713 1316 795 1396; x_wconf 90' lang='lat' dir='ltr'><strong>qnod</strong></span> <span class='ocrx_word' id='word_1_62' title='bbox 806 1315 969 1379; x_wconf 76' lang='lat' dir='ltr'><strong>haereticis</strong></span> <span class='ocrx_word' id='word_1_63' title='bbox 979 1316 1150 1381; x_wconf 90' lang='lat' dir='ltr'><strong>cedendum</strong></span> <span class='ocrx_word' id='word_1_64' title='bbox 1161 1316 1268 1380; x_wconf 83' lang='lat' dir='ltr'><strong>eristi-</strong></span> <span class='ocrx_word' id='word_1_65' title='bbox 1282 1309 1320 1370; x_wconf 78' lang='lat'><strong>¹0</strong></span> 
     </span>
     <span class='ocr_line' id='line_1_9' title="bbox 24 1416 1269 1498; baseline 0.005 -21"><span class='ocrx_word' id='word_1_66' title='bbox 24 1436 27 1477; x_wconf 78' lang='grc' dir='ltr'>ι</span> <span class='ocrx_word' id='word_1_67' title='bbox 144 1437 268 1483; x_wconf 88' lang='lat' dir='ltr'><strong>memus</strong></span> <span class='ocrx_word' id='word_1_68' title='bbox 283 1418 316 1482; x_wconf 92' lang='lat' dir='ltr'><strong>et</strong></span> <span class='ocrx_word' id='word_1_69' title='bbox 330 1417 483 1498; x_wconf 89' lang='lat' dir='ltr'><strong>baptisma</strong></span> <span class='ocrx_word' id='word_1_70' title='bbox 504 1416 585 1498; x_wconf 90' lang='lat' dir='ltr'><strong>quud</strong></span> <span class='ocrx_word' id='word_1_71' title='bbox 600 1431 659 1481; x_wconf 88' lang='lat' dir='ltr'><strong>non</strong></span> <span class='ocrx_word' id='word_1_72' title='bbox 674 1416 735 1481; x_wconf 92' lang='lat' dir='ltr'><strong>nisi</strong></span> <span class='ocrx_word' id='word_1_73' title='bbox 749 1417 803 1482; x_wconf 92' lang='lat' dir='ltr'><strong>uni</strong></span> <span class='ocrx_word' id='word_1_74' title='bbox 819 1424 849 1482; x_wconf 87' lang='lat' dir='ltr'><strong>et</strong></span> <span class='ocrx_word' id='word_1_75' title='bbox 864 1418 923 1481; x_wconf 93' lang='lat' dir='ltr'><strong>soli</strong></span> <span class='ocrx_word' id='word_1_76' title='bbox 939 1418 1085 1483; x_wconf 88' lang='lat' dir='ltr'><strong>eeclesiae</strong></span> <span class='ocrx_word' id='word_1_77' title='bbox 1099 1418 1212 1483; x_wconf 90' lang='lat' dir='ltr'><strong>datum</strong></span> <span class='ocrx_word' id='word_1_78' title='bbox 1226 1418 1269 1483; x_wconf 92' lang='lat' dir='ltr'><strong>sit</strong></span> 
     </span>
     <span class='ocr_line' id='line_1_10' title="bbox 24 1518 1268 1605; baseline 0.002 -21"><span class='ocrx_word' id='word_1_79' title='bbox 24 1540 28 1584; x_wconf 79' lang='grc' dir='ltr'>ι</span> <span class='ocrx_word' id='word_1_80' title='bbox 144 1522 336 1605; x_wconf 89' lang='lat' dir='ltr'><strong>prodendum</strong></span> <span class='ocrx_word' id='word_1_81' title='bbox 351 1521 507 1602; x_wconf 87' lang='lat' dir='ltr'><strong>putemus.</strong></span> <span class='ocrx_word' id='word_1_82' title='bbox 530 1519 602 1583; x_wconf 90' lang='lat' dir='ltr'><strong>boni</strong></span> <span class='ocrx_word' id='word_1_83' title='bbox 618 1518 730 1584; x_wconf 86' lang='lat' dir='ltr'><strong>militis</strong></span> <span class='ocrx_word' id='word_1_84' title='bbox 745 1522 792 1585; x_wconf 91' lang='lat' dir='ltr'><strong>est</strong></span> <span class='ocrx_word' id='word_1_85' title='bbox 807 1520 957 1585; x_wconf 89' lang='lat' dir='ltr'><strong>aduersus</strong></span> <span class='ocrx_word' id='word_1_86' title='bbox 972 1521 1104 1587; x_wconf 80' lang='lat' dir='ltr'><strong>rebelles</strong></span> <span class='ocrx_word' id='word_1_87' title='bbox 1119 1523 1150 1585; x_wconf 87' lang='lat' dir='ltr'><strong>et</strong></span> <span class='ocrx_word' id='word_1_88' title='bbox 1165 1522 1268 1586; x_wconf 89' lang='lat' dir='ltr'><strong>hostes</strong></span> 
     </span>
     <span class='ocr_line' id='line_1_11' title="bbox 23 1621 1270 1707; baseline 0.002 -20"><span class='ocrx_word' id='word_1_89' title='bbox 23 1644 27 1687; x_wconf 88' lang='lat'><strong><em>:</em></strong></span> <span class='ocrx_word' id='word_1_90' title='bbox 112 1625 344 1707; x_wconf 82' lang='lat' dir='ltr'><strong>reimperatoris</strong></span> <span class='ocrx_word' id='word_1_91' title='bbox 371 1624 419 1687; x_wconf 93' lang='lat' dir='ltr'><strong>sui</strong></span> <span class='ocrx_word' id='word_1_92' title='bbox 446 1623 547 1687; x_wconf 86' lang='lat' dir='ltr'><strong>castra</strong></span> <span class='ocrx_word' id='word_1_93' title='bbox 574 1621 744 1688; x_wconf 83' lang='lat' dir='ltr'><strong>defendere.</strong></span> <span class='ocrx_word' id='word_1_94' title='bbox 771 1624 900 1707; x_wconf 86' lang='lat' dir='ltr'><strong>gloriosi</strong></span> <span class='ocrx_word' id='word_1_95' title='bbox 925 1625 1013 1690; x_wconf 90' lang='lat' dir='ltr'><strong>ducis</strong></span> <span class='ocrx_word' id='word_1_96' title='bbox 1035 1626 1082 1691; x_wconf 86' lang='lat' dir='ltr'><strong>est</strong></span> <span class='ocrx_word' id='word_1_97' title='bbox 1104 1625 1270 1691; x_wconf 85' lang='lat' dir='ltr'><strong>commissa</strong></span> 
     </span>
     <span class='ocr_line' id='line_1_12' title="bbox 23 1726 1268 1818; baseline 0 -25"><span class='ocrx_word' id='word_1_98' title='bbox 23 1752 29 1793; x_wconf 77' lang='lat' dir='ltr'><strong>r</strong></span> <span class='ocrx_word' id='word_1_99' title='bbox 145 1731 207 1795; x_wconf 91' lang='lat' dir='ltr'><strong>sibi</strong></span> <span class='ocrx_word' id='word_1_100' title='bbox 223 1731 458 1813; x_wconf 86' lang='lat' dir='ltr'><strong>signaseruare.</strong></span> <span class='ocrx_word' id='word_1_101' title='bbox 476 1726 704 1809; x_wconf 88' lang='lat' dir='ltr'><strong>scriptumest:</strong></span> <span class='ocrx_word' id='word_1_102' title='bbox 726 1728 911 1818; x_wconf 83' lang='lat' dir='ltr'><strong>Dominus</strong></span> <span class='ocrx_word' id='word_1_103' title='bbox 932 1729 1034 1794; x_wconf 89' lang='lat' dir='ltr'><strong>Deus</strong></span> <span class='ocrx_word' id='word_1_104' title='bbox 1055 1730 1147 1794; x_wconf 87' lang='lat' dir='ltr'><strong>tuns</strong></span> <span class='ocrx_word' id='word_1_105' title='bbox 1167 1730 1268 1795; x_wconf 89' lang='lat' dir='ltr'><strong>Dens</strong></span> 
     </span>
     <span class='ocr_line' id='line_1_13' title="bbox 23 1830 1267 1913; baseline -0.003 -12"><span class='ocrx_word' id='word_1_106' title='bbox 23 1864 25 1901; x_wconf 67' lang='lat' dir='ltr'>a</span> <span class='ocrx_word' id='word_1_107' title='bbox 143 1833 272 1899; x_wconf 85' lang='lat' dir='ltr'><strong>zelans</strong></span> <span class='ocrx_word' id='word_1_108' title='bbox 302 1834 369 1897; x_wconf 91' lang='lat' dir='ltr'><strong>est.</strong></span> <span class='ocrx_word' id='word_1_109' title='bbox 399 1831 453 1912; x_wconf 86' lang='lat' dir='ltr'><strong>qui</strong></span> <span class='ocrx_word' id='word_1_110' title='bbox 482 1830 629 1913; x_wconf 89' lang='lat' dir='ltr'><strong>spiritum</strong></span> <span class='ocrx_word' id='word_1_111' title='bbox 650 1830 710 1895; x_wconf 88' lang='lat' dir='ltr'><strong>Dei</strong></span> <span class='ocrx_word' id='word_1_112' title='bbox 732 1831 906 1913; x_wconf 74' lang='lat' dir='ltr'><strong>recepimus</strong></span> <span class='ocrx_word' id='word_1_113' title='bbox 927 1832 1028 1897; x_wconf 84' lang='lat' dir='ltr'><strong>nelmn</strong></span> <span class='ocrx_word' id='word_1_114' title='bbox 1050 1832 1173 1898; x_wconf 86' lang='lat' dir='ltr'><strong>diuinae</strong></span> <span class='ocrx_word' id='word_1_115' title='bbox 1194 1832 1267 1898; x_wconf 87' lang='lat' dir='ltr'><strong>fidei</strong></span> 
     </span>
     <span class='ocr_line' id='line_1_14' title="bbox 23 1933 1267 2018; baseline -0.002 -15"><span class='ocrx_word' id='word_1_116' title='bbox 23 1961 27 2003; x_wconf 70' lang='lat'><strong>2¹</strong></span> <span class='ocrx_word' id='word_1_117' title='bbox 142 1937 253 2003; x_wconf 87' lang='lat' dir='ltr'><strong>babere</strong></span> <span class='ocrx_word' id='word_1_118' title='bbox 280 1935 435 2011; x_wconf 82' lang='lat' dir='ltr'><strong>debemus,</strong></span> <span class='ocrx_word' id='word_1_119' title='bbox 461 1950 520 2015; x_wconf 89' lang='lat' dir='ltr'><strong>qno</strong></span> <span class='ocrx_word' id='word_1_120' title='bbox 546 1935 611 1999; x_wconf 89' lang='lat' dir='ltr'><strong>nelo</strong></span> <span class='ocrx_word' id='word_1_121' title='bbox 630 1933 739 1999; x_wconf 82' lang='lat' dir='ltr'><strong>Finees</strong></span> <span class='ocrx_word' id='word_1_122' title='bbox 760 1934 879 2015; x_wconf 77' lang='lat' dir='ltr'><strong>placuit</strong></span> <span class='ocrx_word' id='word_1_123' title='bbox 903 1936 934 1999; x_wconf 94' lang='lat' dir='ltr'><strong>et</strong></span> <span class='ocrx_word' id='word_1_124' title='bbox 954 1936 1055 2001; x_wconf 91' lang='lat' dir='ltr'><strong>Deum</strong></span> <span class='ocrx_word' id='word_1_125' title='bbox 1079 1936 1267 2018; x_wconf 90' lang='lat' dir='ltr'><strong>promeritus</strong></span> 
     </span>
     <span class='ocr_line' id='line_1_15' title="bbox 143 2036 1266 2123; baseline -0.001 -18"><span class='ocrx_word' id='word_1_126' title='bbox 143 2039 336 2123; x_wconf 88' lang='lat' dir='ltr'><strong>indignantis</strong></span> <span class='ocrx_word' id='word_1_127' title='bbox 350 2038 430 2102; x_wconf 87' lang='lat' dir='ltr'><strong>iram</strong></span> <span class='ocrx_word' id='word_1_128' title='bbox 445 2036 557 2120; x_wconf 90' lang='lat' dir='ltr'><strong>populo</strong></span> <span class='ocrx_word' id='word_1_129' title='bbox 571 2040 717 2120; x_wconf 87' lang='lat' dir='ltr'><strong>pereunte</strong></span> <span class='ocrx_word' id='word_1_130' title='bbox 731 2037 853 2103; x_wconf 90' lang='lat' dir='ltr'><strong>leniuit.</strong></span> <span class='ocrx_word' id='word_1_131' title='bbox 870 2039 944 2120; x_wconf 85' lang='lat' dir='ltr'><strong>quid</strong></span> <span class='ocrx_word' id='word_1_132' title='bbox 959 2039 1102 2104; x_wconf 85' lang='lat' dir='ltr'><strong>adultera</strong></span> <span class='ocrx_word' id='word_1_133' title='bbox 1116 2041 1148 2104; x_wconf 88' lang='lat' dir='ltr'><strong>et</strong></span> <span class='ocrx_word' id='word_1_134' title='bbox 1163 2041 1266 2104; x_wconf 86' lang='lat' dir='ltr'><strong>aliena</strong></span> 
     </span>
     <span class='ocr_line' id='line_1_16' title="bbox 23 2141 1267 2226; baseline -0.006 -11"><span class='ocrx_word' id='word_1_135' title='bbox 23 2170 27 2215; x_wconf 88' lang='grc'>;</span> <span class='ocrx_word' id='word_1_136' title='bbox 110 2147 177 2211; x_wconf 73' lang='lat' dir='ltr'><strong>ruet</strong></span> <span class='ocrx_word' id='word_1_137' title='bbox 192 2145 315 2209; x_wconf 84' lang='lat' dir='ltr'><strong>diuinae</strong></span> <span class='ocrx_word' id='word_1_138' title='bbox 337 2142 469 2207; x_wconf 89' lang='lat' dir='ltr'><strong>unitatis</strong></span> <span class='ocrx_word' id='word_1_139' title='bbox 488 2141 615 2207; x_wconf 90' lang='lat' dir='ltr'><strong>inimica</strong></span> <span class='ocrx_word' id='word_1_140' title='bbox 629 2141 662 2206; x_wconf 91' lang='lat' dir='ltr'><strong>in</strong></span> <span class='ocrx_word' id='word_1_141' title='bbox 677 2144 838 2223; x_wconf 79' lang='lat' dir='ltr'><strong>cereptum</strong></span> <span class='ocrx_word' id='word_1_142' title='bbox 857 2143 1028 2220; x_wconf 74' lang='lat' dir='ltr'><strong>refermus,</strong></span> <span class='ocrx_word' id='word_1_143' title='bbox 1049 2143 1104 2226; x_wconf 87' lang='lat' dir='ltr'><strong>qui</strong></span> <span class='ocrx_word' id='word_1_144' title='bbox 1124 2159 1187 2207; x_wconf 94' lang='lat' dir='ltr'><strong>non</strong></span> <span class='ocrx_word' id='word_1_145' title='bbox 1205 2143 1267 2207; x_wconf 90' lang='lat' dir='ltr'><strong>nisi</strong></span> 
     </span>
     <span class='ocr_line' id='line_1_17' title="bbox 149 2244 1267 2328; baseline -0.003 -15"><span class='ocrx_word' id='word_1_146' title='bbox 149 2267 246 2313; x_wconf 91' lang='lat' dir='ltr'><strong>unum</strong></span> <span class='ocrx_word' id='word_1_147' title='bbox 262 2246 419 2312; x_wconf 82' lang='lat' dir='ltr'><strong>Christum</strong></span> <span class='ocrx_word' id='word_1_148' title='bbox 434 2247 466 2309; x_wconf 92' lang='lat' dir='ltr'><strong>et</strong></span> <span class='ocrx_word' id='word_1_149' title='bbox 479 2264 573 2311; x_wconf 88' lang='lat' dir='ltr'><strong>unam</strong></span> <span class='ocrx_word' id='word_1_150' title='bbox 589 2244 655 2309; x_wconf 91' lang='lat' dir='ltr'><strong>eius</strong></span> <span class='ocrx_word' id='word_1_151' title='bbox 670 2245 830 2311; x_wconf 85' lang='lat' dir='ltr'><strong>eeclesiam</strong></span> <span class='ocrx_word' id='word_1_152' title='bbox 845 2246 1011 2311; x_wconf 77' lang='lat' dir='ltr'><strong>nouimus?</strong></span> <span class='ocrx_word' id='word_1_153' title='bbox 1033 2245 1162 2311; x_wconf 87' lang='lat' dir='ltr'><strong>ecclesia</strong></span> <span class='ocrx_word' id='word_1_154' title='bbox 1175 2264 1267 2328; x_wconf 83' lang='lat' dir='ltr'><strong>para·</strong></span> 
     </span>
     <span class='ocr_line' id='line_1_18' title="bbox 149 2348 1267 2432; baseline -0.002 -17"><span class='ocrx_word' id='word_1_155' title='bbox 149 2351 210 2415; x_wconf 91' lang='lat' dir='ltr'><strong>disi</strong></span> <span class='ocrx_word' id='word_1_156' title='bbox 232 2351 331 2415; x_wconf 83' lang='lat' dir='ltr'><strong>instar</strong></span> <span class='ocrx_word' id='word_1_157' title='bbox 352 2348 523 2431; x_wconf 83' lang='lat' dir='ltr'><strong>exprimens</strong></span> <span class='ocrx_word' id='word_1_158' title='bbox 544 2348 666 2414; x_wconf 85' lang='lat' dir='ltr'><strong>arbores</strong></span> <span class='ocrx_word' id='word_1_159' title='bbox 687 2348 853 2432; x_wconf 83' lang='lat' dir='ltr'><strong>frugiferas</strong></span> <span class='ocrx_word' id='word_1_160' title='bbox 872 2349 955 2413; x_wconf 86' lang='lat' dir='ltr'><strong>intra</strong></span> <span class='ocrx_word' id='word_1_161' title='bbox 974 2366 1079 2414; x_wconf 87' lang='lat' dir='ltr'><strong>muros</strong></span> <span class='ocrx_word' id='word_1_162' title='bbox 1094 2366 1165 2414; x_wconf 89' lang='lat' dir='ltr'><strong>snos</strong></span> <span class='ocrx_word' id='word_1_163' title='bbox 1180 2349 1267 2414; x_wconf 89' lang='lat' dir='ltr'><strong>intus</strong></span> 
     </span>
     <span class='ocr_line' id='line_1_19' title="bbox 23 2450 1266 2535; baseline -0.002 -17"><span class='ocrx_word' id='word_1_164' title='bbox 23 2518 25 2527; x_wconf 74' lang='grc'>,</span> <span class='ocrx_word' id='word_1_165' title='bbox 144 2454 282 2531; x_wconf 81' lang='lat' dir='ltr'><strong>inclusit,</strong></span> <span class='ocrx_word' id='word_1_166' title='bbox 299 2472 335 2518; x_wconf 84' lang='lat' dir='ltr'><strong>ex</strong></span> <span class='ocrx_word' id='word_1_167' title='bbox 350 2452 462 2535; x_wconf 91' lang='lat' dir='ltr'><strong>quibus</strong></span> <span class='ocrx_word' id='word_1_168' title='bbox 477 2470 555 2534; x_wconf 86' lang='lat' dir='ltr'><strong>quae</strong></span> <span class='ocrx_word' id='word_1_169' title='bbox 570 2468 630 2516; x_wconf 92' lang='lat' dir='ltr'><strong>non</strong></span> <span class='ocrx_word' id='word_1_170' title='bbox 646 2450 721 2517; x_wconf 86' lang='lat' dir='ltr'><strong>facit</strong></span> <span class='ocrx_word' id='word_1_171' title='bbox 735 2452 873 2517; x_wconf 81' lang='lat' dir='ltr'><strong>fructum</strong></span> <span class='ocrx_word' id='word_1_172' title='bbox 889 2452 1004 2517; x_wconf 90' lang='lat' dir='ltr'><strong>bonum</strong></span> <span class='ocrx_word' id='word_1_173' title='bbox 1019 2452 1172 2517; x_wconf 86' lang='lat' dir='ltr'><strong>exciditur</strong></span> <span class='ocrx_word' id='word_1_174' title='bbox 1186 2454 1219 2517; x_wconf 91' lang='lat' dir='ltr'><strong>et</strong></span> <span class='ocrx_word' id='word_1_175' title='bbox 1233 2452 1266 2515; x_wconf 92' lang='lat' dir='ltr'><strong>in</strong></span> 
     </span>
    </p>
   </div>
   <div class='ocr_carea' id='block_1_3' title="bbox 22 2555 1269 3052">
    <p class='ocr_par' dir='ltr' id='par_1_3' title="bbox 22 2555 1269 3052">
     <span class='ocr_line' id='line_1_20' title="bbox 22 2555 1266 2641; baseline 0 -20"><span class='ocrx_word' id='word_1_176' title='bbox 22 2594 24 2637; x_wconf 62' lang='lat'>5</span> <span class='ocrx_word' id='word_1_177' title='bbox 145 2558 252 2641; x_wconf 86' lang='lat' dir='ltr'><strong>ignem</strong></span> <span class='ocrx_word' id='word_1_178' title='bbox 277 2556 425 2621; x_wconf 82' lang='lat' dir='ltr'><strong>mittitur.</strong></span> <span class='ocrx_word' id='word_1_179' title='bbox 453 2555 509 2621; x_wconf 83' lang='lat' dir='ltr'><strong>has</strong></span> <span class='ocrx_word' id='word_1_180' title='bbox 534 2555 656 2621; x_wconf 84' lang='lat' dir='ltr'><strong>arbores</strong></span> <span class='ocrx_word' id='word_1_181' title='bbox 682 2556 766 2641; x_wconf 86' lang='lat' dir='ltr'><strong>rigat</strong></span> <span class='ocrx_word' id='word_1_182' title='bbox 791 2557 939 2638; x_wconf 87' lang='lat' dir='ltr'><strong>quattuor</strong></span> <span class='ocrx_word' id='word_1_183' title='bbox 959 2555 1141 2621; x_wconf 88' lang='lat' dir='ltr'><strong>fluminibus</strong></span> <span class='ocrx_word' id='word_1_184' title='bbox 1163 2555 1197 2621; x_wconf 94' lang='lat' dir='ltr'><strong>id</strong></span> <span class='ocrx_word' id='word_1_185' title='bbox 1218 2558 1266 2621; x_wconf 89' lang='lat' dir='ltr'><strong>est</strong></span> 
     </span>
     <span class='ocr_line' id='line_1_21' title="bbox 23 2648 1267 2744; baseline -0.002 -19"><span class='ocrx_word' id='word_1_186' title='bbox 23 2708 24 2717; x_wconf 29' lang='lat' dir='ltr'><strong>r</strong></span> <span class='ocrx_word' id='word_1_187' title='bbox 112 2684 139 2725; x_wconf 80' lang='lat' dir='ltr'><strong>ro</strong></span> <span class='ocrx_word' id='word_1_188' title='bbox 149 2660 321 2744; x_wconf 87' lang='lat' dir='ltr'><strong>euangeliis</strong></span> <span class='ocrx_word' id='word_1_189' title='bbox 336 2660 491 2742; x_wconf 85' lang='lat' dir='ltr'><strong>quattuor,</strong></span> <span class='ocrx_word' id='word_1_190' title='bbox 507 2658 619 2741; x_wconf 90' lang='lat' dir='ltr'><strong>quibus</strong></span> <span class='ocrx_word' id='word_1_191' title='bbox 633 2659 781 2741; x_wconf 90' lang='lat' dir='ltr'><strong>baptismi</strong></span> <span class='ocrx_word' id='word_1_192' title='bbox 797 2648 932 2743; x_wconf 86' lang='lat' dir='ltr'><strong>¹gratiam</strong></span> <span class='ocrx_word' id='word_1_193' title='bbox 948 2660 1080 2724; x_wconf 86' lang='lat' dir='ltr'><strong>salutari</strong></span> <span class='ocrx_word' id='word_1_194' title='bbox 1094 2661 1126 2724; x_wconf 86' lang='lat' dir='ltr'><strong>et</strong></span> <span class='ocrx_word' id='word_1_195' title='bbox 1140 2658 1267 2723; x_wconf 89' lang='lat' dir='ltr'><strong>caelesti</strong></span> 
     </span>
     <span class='ocr_line' id='line_1_22' title="bbox 145 2760 1269 2847; baseline -0.003 -18"><span class='ocrx_word' id='word_1_196' title='bbox 145 2764 347 2829; x_wconf 90' lang='lat' dir='ltr'><strong>inundatione</strong></span> <span class='ocrx_word' id='word_1_197' title='bbox 361 2762 503 2847; x_wconf 84' lang='lat' dir='ltr'><strong>largitur.</strong></span> <span class='ocrx_word' id='word_1_198' title='bbox 520 2762 673 2843; x_wconf 91' lang='lat' dir='ltr'><strong>numquid</strong></span> <span class='ocrx_word' id='word_1_199' title='bbox 688 2763 726 2827; x_wconf 88' lang='lat' dir='ltr'><strong>de</strong></span> <span class='ocrx_word' id='word_1_200' title='bbox 738 2762 884 2827; x_wconf 86' lang='lat' dir='ltr'><strong>ecelesiae</strong></span> <span class='ocrx_word' id='word_1_201' title='bbox 897 2760 1036 2828; x_wconf 86' lang='lat' dir='ltr'><strong>fontibus</strong></span> <span class='ocrx_word' id='word_1_202' title='bbox 1051 2763 1151 2846; x_wconf 81' lang='lat' dir='ltr'><strong>rigare</strong></span> <span class='ocrx_word' id='word_1_203' title='bbox 1165 2762 1269 2843; x_wconf 88' lang='lat' dir='ltr'><strong>potest</strong></span> 
     </span>
     <span class='ocr_line' id='line_1_23' title="bbox 22 2864 1268 2950; baseline -0.005 -17"><span class='ocrx_word' id='word_1_204' title='bbox 22 2908 23 2945; x_wconf 72' lang='lat'>3</span> <span class='ocrx_word' id='word_1_205' title='bbox 144 2869 198 2950; x_wconf 87' lang='lat' dir='ltr'><strong>qui</strong></span> <span class='ocrx_word' id='word_1_206' title='bbox 213 2868 297 2931; x_wconf 90' lang='lat' dir='ltr'><strong>intus</strong></span> <span class='ocrx_word' id='word_1_207' title='bbox 313 2865 488 2930; x_wconf 81' lang='lat' dir='ltr'><strong>inscelesia</strong></span> <span class='ocrx_word' id='word_1_208' title='bbox 501 2885 561 2931; x_wconf 92' lang='lat' dir='ltr'><strong>non</strong></span> <span class='ocrx_word' id='word_1_209' title='bbox 577 2868 645 2929; x_wconf 78' lang='lat' dir='ltr'><strong>est?</strong></span> <span class='ocrx_word' id='word_1_210' title='bbox 660 2866 812 2946; x_wconf 91' lang='lat' dir='ltr'><strong>numquid</strong></span> <span class='ocrx_word' id='word_1_211' title='bbox 827 2864 963 2947; x_wconf 86' lang='lat' dir='ltr'><strong>paradisi</strong></span> <span class='ocrx_word' id='word_1_212' title='bbox 977 2868 1070 2948; x_wconf 92' lang='lat' dir='ltr'><strong>potus</strong></span> <span class='ocrx_word' id='word_1_213' title='bbox 1084 2864 1224 2931; x_wconf 84' lang='lat' dir='ltr'><strong>salubres</strong></span> <span class='ocrx_word' id='word_1_214' title='bbox 1236 2865 1268 2929; x_wconf 88' lang='lat' dir='ltr'><strong>ct</strong></span> 
     </span>
     <span class='ocr_line' id='line_1_24' title="bbox 146 2968 1267 3052; baseline -0.004 -16"><span class='ocrx_word' id='word_1_215' title='bbox 146 2970 297 3036; x_wconf 88' lang='lat' dir='ltr'><strong>salutares</strong></span> <span class='ocrx_word' id='word_1_216' title='bbox 318 2969 466 3052; x_wconf 87' lang='lat' dir='ltr'><strong>inpertire</strong></span> <span class='ocrx_word' id='word_1_217' title='bbox 487 2969 631 3050; x_wconf 87' lang='lat' dir='ltr'><strong>cuiqnam</strong></span> <span class='ocrx_word' id='word_1_218' title='bbox 645 2970 747 3051; x_wconf 87' lang='lat' dir='ltr'><strong>potest</strong></span> <span class='ocrx_word' id='word_1_219' title='bbox 762 2969 816 3051; x_wconf 90' lang='lat' dir='ltr'><strong>qni</strong></span> <span class='ocrx_word' id='word_1_220' title='bbox 830 2988 992 3051; x_wconf 87' lang='lat' dir='ltr'><strong>peruersns</strong></span> <span class='ocrx_word' id='word_1_221' title='bbox 1006 2972 1039 3035; x_wconf 91' lang='lat' dir='ltr'><strong>et</strong></span> <span class='ocrx_word' id='word_1_222' title='bbox 1053 2989 1072 3034; x_wconf 91' lang='lat' dir='ltr'><strong>a</strong></span> <span class='ocrx_word' id='word_1_223' title='bbox 1088 2970 1187 3034; x_wconf 91' lang='lat' dir='ltr'><strong>semet</strong></span> <span class='ocrx_word' id='word_1_224' title='bbox 1200 2968 1267 3050; x_wconf 91' lang='lat' dir='ltr'><strong>ipso</strong></span> 
     </span>
    </p>
   </div>
   <div class='ocr_carea' id='block_1_4' title="bbox 250 3174 481 3239">
    <p class='ocr_par' dir='ltr' id='par_1_4' title="bbox 250 3174 481 3239">
     <span class='ocr_line' id='line_1_25' title="bbox 250 3174 481 3239; baseline 0 -12"><span class='ocrx_word' id='word_1_225' title='bbox 250 3175 281 3227; x_wconf 94' lang='lat'><strong>11</strong></span> <span class='ocrx_word' id='word_1_226' title='bbox 300 3174 379 3229; x_wconf 91' lang='lat' dir='ltr'><strong>Dent.</strong></span> <span class='ocrx_word' id='word_1_227' title='bbox 396 3174 421 3239; x_wconf 82' lang='lat'><strong>4,</strong></span> <span class='ocrx_word' id='word_1_228' title='bbox 440 3174 481 3227; x_wconf 77' lang='lat'><strong>24.</strong></span> 
     </span>
    </p>
   </div>
   <div class='ocr_carea' id='block_1_5' title="bbox 140 3344 1346 4539">
    <p class='ocr_par' dir='ltr' id='par_1_5' title="bbox 140 3344 1346 4539">
     <span class='ocr_line' id='line_1_26' title="bbox 196 3344 1267 3417; baseline 0.002 -18"><span class='ocrx_word' id='word_1_229' title='bbox 196 3346 315 3415; x_wconf 86' lang='lat' dir='ltr'><strong>lposita</strong></span> <span class='ocrx_word' id='word_1_230' title='bbox 332 3346 365 3401; x_wconf 82' lang='lat'><strong>0¹</strong></span> <span class='ocrx_word' id='word_1_231' title='bbox 469 3347 497 3398; x_wconf 89' lang='lat' dir='ltr'><strong>et</strong></span> <span class='ocrx_word' id='word_1_232' title='bbox 509 3344 693 3397; x_wconf 81' lang='lat' dir='ltr'><strong>infunderetur</strong></span> <span class='ocrx_word' id='word_1_233' title='bbox 704 3360 753 3399; x_wconf 75' lang='lat' dir='ltr'><strong>cers</strong></span> <span class='ocrx_word' id='word_1_234' title='bbox 767 3345 795 3399; x_wconf 90' lang='grc' dir='ltr'><strong><em>Β</em></strong></span> <span class='ocrx_word' id='word_1_235' title='bbox 898 3345 1081 3414; x_wconf 82' lang='lat' dir='ltr'><strong>3baptinatnr</strong></span> <span class='ocrx_word' id='word_1_236' title='bbox 1093 3347 1120 3401; x_wconf 98' lang='grc' dir='ltr'>Β</span> <span class='ocrx_word' id='word_1_237' title='bbox 1219 3364 1267 3417; x_wconf 90' lang='lat' dir='ltr'><strong>per</strong></span> 
     </span>
     <span class='ocr_line' id='line_1_27' title="bbox 148 3429 1266 3506; baseline 0.002 -21"><span class='ocrx_word' id='word_1_238' title='bbox 148 3431 311 3502; x_wconf 80' lang='lat' dir='ltr'><strong>praepositos</strong></span> <span class='ocrx_word' id='word_1_239' title='bbox 327 3431 350 3485; x_wconf 82' lang='lat'><em>0</em></span> <span class='ocrx_word' id='word_1_240' title='bbox 479 3430 497 3483; x_wconf 86' lang='lat'>4</span> <span class='ocrx_word' id='word_1_241' title='bbox 508 3429 648 3485; x_wconf 72' lang='lat' dir='ltr'><strong>effera-tur</strong></span> <span class='ocrx_word' id='word_1_242' title='bbox 660 3429 687 3483; x_wconf 90' lang='grc' dir='ltr'><strong><em>Β</em></strong></span> <span class='ocrx_word' id='word_1_243' title='bbox 816 3431 1037 3506; x_wconf 68' lang='lat' dir='ltr'><strong>boensequaatur</strong></span> <span class='ocrx_word' id='word_1_244' title='bbox 1048 3432 1076 3486; x_wconf 88' lang='grc' dir='ltr'>Β</span> <span class='ocrx_word' id='word_1_245' title='bbox 1205 3449 1266 3487; x_wconf 91' lang='lat' dir='ltr'><strong>con-</strong></span> 
     </span>
     <span class='ocr_line' id='line_1_28' title="bbox 144 3515 1266 3574; baseline 0.001 -3"><span class='ocrx_word' id='word_1_246' title='bbox 144 3520 307 3571; x_wconf 65' lang='lat' dir='ltr'><strong>summurn:</strong></span> <span class='ocrx_word' id='word_1_247' title='bbox 319 3515 347 3569; x_wconf 88' lang='grc' dir='ltr'><strong><em>Β</em></strong></span> <span class='ocrx_word' id='word_1_248' title='bbox 458 3515 474 3568; x_wconf 80' lang='grc'><strong>7</strong></span> <span class='ocrx_word' id='word_1_249' title='bbox 487 3516 569 3569; x_wconf 83' lang='lat' dir='ltr'><strong>irater</strong></span> <span class='ocrx_word' id='word_1_250' title='bbox 581 3532 630 3569; x_wconf 78' lang='lat' dir='ltr'><strong>orn.</strong></span> <span class='ocrx_word' id='word_1_251' title='bbox 644 3516 670 3570; x_wconf 88' lang='lat' dir='ltr'><strong><em>P</em></strong></span> <span class='ocrx_word' id='word_1_252' title='bbox 784 3518 921 3572; x_wconf 89' lang='lat' dir='ltr'><strong>carissime</strong></span> <span class='ocrx_word' id='word_1_253' title='bbox 934 3534 984 3573; x_wconf 78' lang='lat' dir='ltr'><strong>ern.</strong></span> <span class='ocrx_word' id='word_1_254' title='bbox 998 3519 1021 3573; x_wconf 83' lang='lat' dir='ltr'><strong><em>G</em></strong></span> <span class='ocrx_word' id='word_1_255' title='bbox 1122 3520 1154 3573; x_wconf 92' lang='lat' dir='ltr'><strong>de</strong></span> <span class='ocrx_word' id='word_1_256' title='bbox 1166 3519 1266 3574; x_wconf 87' lang='lat' dir='ltr'><strong>bereti-</strong></span> 
     </span>
     <span class='ocr_line' id='line_1_29' title="bbox 145 3589 1267 3670; baseline 0 -13"><span class='ocrx_word' id='word_1_257' title='bbox 145 3605 184 3657; x_wconf 90' lang='lat' dir='ltr'><strong>eis</strong></span> <span class='ocrx_word' id='word_1_258' title='bbox 197 3604 220 3658; x_wconf 83' lang='lat' dir='ltr'><strong><em>G</em></strong></span> <span class='ocrx_word' id='word_1_259' title='bbox 337 3589 483 3656; x_wconf 69' lang='lat' dir='ltr'><strong>cedendum</strong></span> <span class='ocrx_word' id='word_1_260' title='bbox 495 3602 527 3655; x_wconf 88' lang='lat' dir='ltr'><em>N</em></span> <span class='ocrx_word' id='word_1_261' title='bbox 644 3602 661 3653; x_wconf 89' lang='grc'>8</span> <span class='ocrx_word' id='word_1_262' title='bbox 674 3602 709 3670; x_wconf 87' lang='lat' dir='ltr'><strong>et]</strong></span> <span class='ocrx_word' id='word_1_263' title='bbox 722 3605 754 3657; x_wconf 90' lang='lat' dir='ltr'><strong>nt</strong></span> <span class='ocrx_word' id='word_1_264' title='bbox 765 3603 803 3658; x_wconf 82' lang='lat' dir='ltr'><strong>Oc</strong></span> <span class='ocrx_word' id='word_1_265' title='bbox 924 3608 952 3657; x_wconf 88' lang='lat' dir='ltr'><strong>et</strong></span> <span class='ocrx_word' id='word_1_266' title='bbox 964 3604 1015 3658; x_wconf 88' lang='lat' dir='ltr'><strong>soli</strong></span> <span class='ocrx_word' id='word_1_267' title='bbox 1026 3621 1076 3659; x_wconf 86' lang='lat' dir='ltr'><strong>om.</strong></span> <span class='ocrx_word' id='word_1_268' title='bbox 1093 3605 1116 3661; x_wconf 84' lang='lat'><em>0</em></span> <span class='ocrx_word' id='word_1_269' title='bbox 1229 3604 1267 3657; x_wconf 88' lang='lat' dir='ltr'><strong>sit</strong></span> 
     </span>
     <span class='ocr_line' id='line_1_30' title="bbox 144 3674 1232 3760; baseline 0.002 -18"><span class='ocrx_word' id='word_1_270' title='bbox 144 3693 234 3747; x_wconf 67' lang='lat' dir='ltr'><strong>man</strong></span> <span class='ocrx_word' id='word_1_271' title='bbox 376 3687 530 3742; x_wconf 78' lang='lat' dir='ltr'><strong>chosesn</strong></span> <span class='ocrx_word' id='word_1_272' title='bbox 668 3674 935 3744; x_wconf 60' lang='lat' dir='ltr'><strong>rorasse-..s</strong></span> <span class='ocrx_word' id='word_1_273' title='bbox 1071 3691 1105 3744; x_wconf 85' lang='lat'><strong>13</strong></span> <span class='ocrx_word' id='word_1_274' title='bbox 1117 3690 1186 3760; x_wconf 80' lang='lat' dir='ltr'><strong>quoa</strong></span> <span class='ocrx_word' id='word_1_275' title='bbox 1198 3691 1232 3745; x_wconf 72' lang='grc' dir='ltr'><strong>οι</strong></span> 
     </span>
     <span class='ocr_line' id='line_1_31' title="bbox 141 3759 1265 3849; baseline -0.004 -14"><span class='ocrx_word' id='word_1_276' title='bbox 141 3780 253 3849; x_wconf 86' lang='lat' dir='ltr'><strong>phinees</strong></span> <span class='ocrx_word' id='word_1_277' title='bbox 266 3778 318 3841; x_wconf 87' lang='lat' dir='ltr'><strong>Nc,</strong></span> <span class='ocrx_word' id='word_1_278' title='bbox 337 3775 435 3829; x_wconf 70' lang='lat' dir='ltr'><strong>lineam</strong></span> <span class='ocrx_word' id='word_1_279' title='bbox 448 3775 483 3839; x_wconf 87' lang='grc' dir='ltr'><strong>Β,</strong></span> <span class='ocrx_word' id='word_1_280' title='bbox 501 3774 591 3827; x_wconf 84' lang='lat' dir='ltr'><strong>finiuit</strong></span> <span class='ocrx_word' id='word_1_281' title='bbox 603 3774 637 3828; x_wconf 83' lang='lat'><strong>0¹</strong></span> <span class='ocrx_word' id='word_1_282' title='bbox 790 3776 912 3844; x_wconf 83' lang='lat' dir='ltr'><strong>placauit</strong></span> <span class='ocrx_word' id='word_1_283' title='bbox 923 3776 958 3831; x_wconf 78' lang='lat'><strong>0²</strong></span> <span class='ocrx_word' id='word_1_284' title='bbox 1112 3781 1141 3831; x_wconf 84' lang='lat' dir='ltr'><strong>et</strong></span> <span class='ocrx_word' id='word_1_285' title='bbox 1153 3759 1217 3830; x_wconf 52' lang='lat' dir='ltr'><strong>dnm</strong></span> <span class='ocrx_word' id='word_1_286' title='bbox 1229 3776 1265 3841; x_wconf 90' lang='lat' dir='ltr'><strong>B,</strong></span> 
     </span>
     <span class='ocr_line' id='line_1_32' title="bbox 144 3851 1233 3931; baseline -0.003 -12"><span class='ocrx_word' id='word_1_287' title='bbox 144 3868 171 3919; x_wconf 90' lang='lat' dir='ltr'><strong>et</strong></span> <span class='ocrx_word' id='word_1_288' title='bbox 182 3851 228 3919; x_wconf 80' lang='lat' dir='ltr'><strong>dm</strong></span> <span class='ocrx_word' id='word_1_289' title='bbox 241 3866 268 3917; x_wconf 89' lang='lat' dir='ltr'><strong>at</strong></span> <span class='ocrx_word' id='word_1_290' title='bbox 280 3863 303 3917; x_wconf 79' lang='grc' dir='ltr'><em>Ο</em></span> <span class='ocrx_word' id='word_1_291' title='bbox 313 3864 430 3916; x_wconf 82' lang='lat' dir='ltr'><strong>alterum</strong></span> <span class='ocrx_word' id='word_1_292' title='bbox 442 3865 470 3914; x_wconf 92' lang='lat' dir='ltr'><strong>et</strong></span> <span class='ocrx_word' id='word_1_293' title='bbox 481 3876 501 3915; x_wconf 82' lang='lat' dir='ltr'><strong>s.</strong></span> <span class='ocrx_word' id='word_1_294' title='bbox 515 3862 531 3913; x_wconf 87' lang='lat' dir='ltr'><strong>l.</strong></span> <span class='ocrx_word' id='word_1_295' title='bbox 619 3862 769 3929; x_wconf 88' lang='lat' dir='ltr'><strong>promeritis</strong></span> <span class='ocrx_word' id='word_1_296' title='bbox 782 3860 833 3915; x_wconf 75' lang='lat' dir='ltr'><strong>OT</strong></span> <span class='ocrx_word' id='word_1_297' title='bbox 843 3862 867 3915; x_wconf 90' lang='lat' dir='ltr'><strong>is</strong></span> <span class='ocrx_word' id='word_1_298' title='bbox 879 3878 913 3916; x_wconf 77' lang='lat' dir='ltr'><strong>ec</strong></span> <span class='ocrx_word' id='word_1_299' title='bbox 926 3879 967 3928; x_wconf 87' lang='lat' dir='ltr'><strong>ns,</strong></span> <span class='ocrx_word' id='word_1_300' title='bbox 978 3878 1026 3931; x_wconf 91' lang='lat' dir='ltr'><strong>pro</strong></span> <span class='ocrx_word' id='word_1_301' title='bbox 1038 3863 1134 3917; x_wconf 84' lang='lat' dir='ltr'><strong>merito</strong></span> <span class='ocrx_word' id='word_1_302' title='bbox 1146 3878 1192 3916; x_wconf 89' lang='lat' dir='ltr'><strong>suo</strong></span> <span class='ocrx_word' id='word_1_303' title='bbox 1204 3862 1233 3916; x_wconf 96' lang='grc' dir='ltr'>Β</span> 
     </span>
     <span class='ocr_line' id='line_1_33' title="bbox 141 3939 1232 4017; baseline -0.003 -12"><span class='ocrx_word' id='word_1_304' title='bbox 141 3939 174 4005; x_wconf 83' lang='lat' dir='ltr'><strong>1&#39;l</strong></span> <span class='ocrx_word' id='word_1_305' title='bbox 186 3950 337 4005; x_wconf 86' lang='lat' dir='ltr'><strong>adulteram</strong></span> <span class='ocrx_word' id='word_1_306' title='bbox 349 3947 417 4002; x_wconf 82' lang='lat' dir='ltr'><strong>ONc</strong></span> <span class='ocrx_word' id='word_1_307' title='bbox 571 3946 669 4017; x_wconf 87' lang='lat' dir='ltr'><strong>aliena]</strong></span> <span class='ocrx_word' id='word_1_308' title='bbox 688 3946 1102 4016; x_wconf 79' lang='lat' dir='ltr'><strong>alieniginamoetOeedinO</strong></span> <span class='ocrx_word' id='word_1_309' title='bbox 1116 3965 1232 4004; x_wconf 78' lang='lat' dir='ltr'><strong>amaea</strong></span> 
     </span>
     <span class='ocr_line' id='line_1_34' title="bbox 141 4032 1265 4105; baseline -0.002 -14"><span class='ocrx_word' id='word_1_310' title='bbox 141 4040 174 4092; x_wconf 78' lang='lat'><strong>15</strong></span> <span class='ocrx_word' id='word_1_311' title='bbox 186 4041 213 4090; x_wconf 96' lang='lat' dir='ltr'><strong>et</strong></span> <span class='ocrx_word' id='word_1_312' title='bbox 225 4036 308 4091; x_wconf 63' lang='lat' dir='ltr'><strong>enm</strong></span> <span class='ocrx_word' id='word_1_313' title='bbox 409 4032 512 4087; x_wconf 84' lang='lat' dir='ltr'><strong>unitati</strong></span> <span class='ocrx_word' id='word_1_314' title='bbox 523 4034 551 4088; x_wconf 93' lang='grc' dir='ltr'>Β</span> <span class='ocrx_word' id='word_1_315' title='bbox 654 4033 790 4087; x_wconf 88' lang='lat' dir='ltr'><strong>inimicam</strong></span> <span class='ocrx_word' id='word_1_316' title='bbox 803 4034 841 4088; x_wconf 82' lang='lat' dir='ltr'><strong>Ge</strong></span> <span class='ocrx_word' id='word_1_317' title='bbox 944 4036 977 4089; x_wconf 91' lang='grc'><strong>16</strong></span> <span class='ocrx_word' id='word_1_318' title='bbox 989 4052 1068 4090; x_wconf 91' lang='lat' dir='ltr'><strong>unam</strong></span> <span class='ocrx_word' id='word_1_319' title='bbox 1080 4036 1147 4105; x_wconf 85' lang='lat' dir='ltr'><strong>eius]</strong></span> <span class='ocrx_word' id='word_1_320' title='bbox 1161 4035 1265 4089; x_wconf 87' lang='lat' dir='ltr'><strong>unicam</strong></span> 
     </span>
     <span class='ocr_line' id='line_1_35' title="bbox 140 4119 1231 4188; baseline -0.001 -11"><span class='ocrx_word' id='word_1_321' title='bbox 140 4140 173 4177; x_wconf 79' lang='lat' dir='ltr'><strong>ec</strong></span> <span class='ocrx_word' id='word_1_322' title='bbox 184 4124 277 4177; x_wconf 88' lang='lat' dir='ltr'><strong>unitus</strong></span> <span class='ocrx_word' id='word_1_323' title='bbox 290 4121 313 4176; x_wconf 83' lang='lat'><em>0</em></span> <span class='ocrx_word' id='word_1_324' title='bbox 405 4122 432 4173; x_wconf 86' lang='lat' dir='ltr'><strong>et</strong></span> <span class='ocrx_word' id='word_1_325' title='bbox 442 4119 553 4173; x_wconf 88' lang='lat' dir='ltr'><strong>ecclesia</strong></span> <span class='ocrx_word' id='word_1_326' title='bbox 566 4120 620 4171; x_wconf 90' lang='lat' dir='ltr'><strong>NP</strong></span> <span class='ocrx_word' id='word_1_327' title='bbox 708 4119 852 4188; x_wconf 87' lang='lat' dir='ltr'><strong>paradisiis</strong></span> <span class='ocrx_word' id='word_1_328' title='bbox 864 4120 898 4174; x_wconf 77' lang='lat'><strong>0¹</strong></span> <span class='ocrx_word' id='word_1_329' title='bbox 996 4121 1028 4175; x_wconf 82' lang='lat' dir='ltr'><strong>ll</strong></span> <span class='ocrx_word' id='word_1_330' title='bbox 1040 4120 1181 4176; x_wconf 82' lang='lat' dir='ltr'><strong>fuctiferas</strong></span> <span class='ocrx_word' id='word_1_331' title='bbox 1193 4122 1231 4177; x_wconf 84' lang='lat' dir='ltr'><strong>Oc</strong></span> 
     </span>
     <span class='ocr_line' id='line_1_36' title="bbox 140 4204 1231 4275; baseline 0.002 -12"><span class='ocrx_word' id='word_1_332' title='bbox 140 4208 328 4265; x_wconf 68' lang='lat' dir='ltr'><strong>minuente</strong></span> <span class='ocrx_word' id='word_1_333' title='bbox 396 4206 473 4275; x_wconf 79' lang='lat' dir='ltr'><strong>quoe]</strong></span> <span class='ocrx_word' id='word_1_334' title='bbox 486 4206 533 4273; x_wconf 88' lang='lat' dir='ltr'><strong>qui</strong></span> <span class='ocrx_word' id='word_1_335' title='bbox 545 4205 606 4259; x_wconf 81' lang='lat'><strong>01³¹</strong></span> <span class='ocrx_word' id='word_1_336' title='bbox 675 4204 773 4259; x_wconf 91' lang='lat' dir='ltr'><strong>bonum</strong></span> <span class='ocrx_word' id='word_1_337' title='bbox 785 4206 936 4261; x_wconf 82' lang='lat' dir='ltr'><strong>fruetumO</strong></span> <span class='ocrx_word' id='word_1_338' title='bbox 1002 4208 1231 4265; x_wconf 69' lang='lat' dir='ltr'><strong>ddsalutarisBc</strong></span> 
     </span>
     <span class='ocr_line' id='line_1_37' title="bbox 140 4291 1264 4364; baseline 0.001 -19"><span class='ocrx_word' id='word_1_339' title='bbox 140 4300 169 4349; x_wconf 79' lang='lat' dir='ltr'><strong>et</strong></span> <span class='ocrx_word' id='word_1_340' title='bbox 180 4312 260 4351; x_wconf 62' lang='lat' dir='ltr'><strong>ome</strong></span> <span class='ocrx_word' id='word_1_341' title='bbox 379 4291 501 4346; x_wconf 88' lang='lat' dir='ltr'><strong>caelestis</strong></span> <span class='ocrx_word' id='word_1_342' title='bbox 514 4292 541 4346; x_wconf 92' lang='grc' dir='ltr'>Β</span> <span class='ocrx_word' id='word_1_343' title='bbox 664 4292 914 4347; x_wconf 77' lang='lat' dir='ltr'><strong>21inundationcm</strong></span> <span class='ocrx_word' id='word_1_344' title='bbox 929 4296 964 4349; x_wconf 83' lang='lat' dir='ltr'><strong>T¹</strong></span> <span class='ocrx_word' id='word_1_345' title='bbox 1085 4296 1169 4364; x_wconf 79' lang='lat' dir='ltr'><strong>rigari</strong></span> <span class='ocrx_word' id='word_1_346' title='bbox 1181 4295 1232 4349; x_wconf 78' lang='lat' dir='ltr'><strong>GT</strong></span> <span class='ocrx_word' id='word_1_347' title='bbox 1240 4294 1264 4346; x_wconf 89' lang='lat' dir='ltr'><strong>ri</strong></span> 
     </span>
     <span class='ocr_line' id='line_1_38' title="bbox 142 4378 1346 4450; baseline -0.003 -12"><span class='ocrx_word' id='word_1_348' title='bbox 142 4400 177 4438; x_wconf 77' lang='lat' dir='ltr'><strong>ee</strong></span> <span class='ocrx_word' id='word_1_349' title='bbox 187 4399 217 4437; x_wconf 91' lang='lat' dir='ltr'><strong>re</strong></span> <span class='ocrx_word' id='word_1_350' title='bbox 330 4382 364 4437; x_wconf 74' lang='lat'><strong>22</strong></span> <span class='ocrx_word' id='word_1_351' title='bbox 377 4380 483 4436; x_wconf 86' lang='lat' dir='ltr'><strong>saluber</strong></span> <span class='ocrx_word' id='word_1_352' title='bbox 495 4382 536 4433; x_wconf 88' lang='lat' dir='ltr'><strong>est</strong></span> <span class='ocrx_word' id='word_1_353' title='bbox 549 4380 587 4445; x_wconf 81' lang='lat' dir='ltr'><strong>(er</strong></span> <span class='ocrx_word' id='word_1_354' title='bbox 599 4382 660 4443; x_wconf 86' lang='lat' dir='ltr'><strong>om.)</strong></span> <span class='ocrx_word' id='word_1_355' title='bbox 673 4378 699 4431; x_wconf 82' lang='lat' dir='ltr'><em>L</em></span> <span class='ocrx_word' id='word_1_356' title='bbox 810 4379 845 4433; x_wconf 77' lang='lat'><strong>23</strong></span> <span class='ocrx_word' id='word_1_357' title='bbox 856 4395 992 4448; x_wconf 85' lang='lat' dir='ltr'><strong>peruersos</strong></span> <span class='ocrx_word' id='word_1_358' title='bbox 1004 4380 1032 4435; x_wconf 88' lang='lat' dir='ltr'><strong><em>L</em></strong></span> <span class='ocrx_word' id='word_1_359' title='bbox 1133 4382 1205 4450; x_wconf 88' lang='lat' dir='ltr'><strong>ipsos</strong></span> <span class='ocrx_word' id='word_1_360' title='bbox 1219 4382 1264 4445; x_wconf 81' lang='lat' dir='ltr'><strong>T&#39;,</strong></span> <span class='ocrx_word' id='word_1_361' title='bbox 1340 4434 1346 4446; x_wconf 71' lang='grc'>,</span> 
     </span>
     <span class='ocr_line' id='line_1_39' title="bbox 143 4469 271 4539; baseline -0.008 -15"><span class='ocrx_word' id='word_1_362' title='bbox 143 4471 230 4539; x_wconf 86' lang='lat' dir='ltr'><strong>ipsum</strong></span> <span class='ocrx_word' id='word_1_363' title='bbox 242 4469 271 4523; x_wconf 95' lang='grc' dir='ltr'>Β</span> 
     </span>
    </p>
   </div>
   <div class='ocr_carea' id='block_1_6' title="bbox 244 4555 1059 4622">
    <p class='ocr_par' dir='ltr' id='par_1_6' title="bbox 244 4555 1059 4622">
     <span class='ocr_line' id='line_1_40' title="bbox 244 4555 1059 4622; baseline -0.004 0"><span class='ocrx_word' id='word_1_364' title='bbox 244 4576 294 4622; x_wconf 90' lang='lat'>111.</span> <span class='ocrx_word' id='word_1_365' title='bbox 1016 4555 1059 4619; x_wconf 76' lang='lat'><strong>50</strong></span> 
     </span>
    </p>
   </div>
   <div class='ocr_carea' id='block_1_7' title="bbox 0 0 1626 5159">
    <p class='ocr_par' dir='ltr' id='par_1_7' title="bbox 0 0 1626 5159">
     <span class='ocr_line' id='line_1_41' title="bbox 0 0 1626 5159; baseline 0 1"><span class='ocrx_word' id='word_1_366' title='bbox 0 0 1626 5159; x_wconf 95' lang='lat' dir='ltr'><strong> </strong></span> 
     </span>
    </p>
   </div>
  </div>
 </body>
</html>
