3242 5159
456 562 633 632 Epistulae
651 558 820 614 LXXIIII.
838 576 859 613 c.
877 559 953 613 3-5.
1200 559 1267 625 803

135 722 192 787 tur
206 720 346 785 innonati
364 720 395 783 et
413 716 596 783 ssnetifioati
611 716 795 795 iudicentur,
811 733 866 779 our
880 733 941 780 non
951 715 984 779 in
996 714 1135 780 eiusdem
1147 710 1266 777 Christi

136 824 263 888 nomine
283 822 350 887 illio
365 824 396 886 et
411 840 520 886 manus
538 819 695 902 baptizato
711 819 870 901 inponitur
885 816 926 882 ed
942 816 1155 899 accipiendum
1170 816 1263 899 spiri-

138 927 210 991 tum
233 926 384 1002 sanetum,
409 942 463 988 our
483 942 543 988 non
564 922 671 987 eadem
693 920 832 986 eiusdem
854 921 1001 985 maiestas
1021 920 1154 984 nominis
1174 938 1262 1002 prae·

137 1028 225 1093 ualet
238 1028 272 1093 in
286 1045 396 1092 manns
410 1026 595 1109 inpositione
610 1043 705 1113 quam
719 1023 855 1089 ualuisse
870 1022 1061 1089 oontsndunt
1072 1022 1105 1088 in
1115 1022 1264 1105 baptismi

111 1128 403 1195 ssunetifiostione?
418 1148 491 1195 nsm
503 1127 530 1193 si
541 1130 644 1210 potest
658 1128 711 1209 qui
727 1128 814 1191 extra
828 1126 989 1191 eeclesiam
1003 1128 1095 1191 natus
1110 1126 1264 1209 templum

137 1232 199 1297 Dei
219 1232 296 1311 fieri,
318 1251 373 1297 our
393 1250 454 1297 non
472 1231 571 1315 possit
592 1249 684 1312 super
704 1230 859 1313 templum
874 1230 907 1294 et
921 1230 1049 1311 spiritns
1069 1231 1193 1294 sanetus
1214 1230 1263 1295 in·

139 1335 252 1401 fundi?
271 1335 326 1418 qui
346 1334 429 1400 onim
449 1334 585 1417 pensatis
600 1334 633 1398 in
648 1332 804 1415 baptismo
826 1333 972 1414 expositis
992 1332 1200 1397 sanetifiostus
1216 1336 1265 1398 ost

138 1440 171 1504 st
193 1440 227 1504 in
249 1456 365 1504 nouum
387 1437 544 1502 hominem
566 1437 750 1520 spiritaliter
772 1434 967 1514 reformatus,
989 1436 1031 1501 sd
1051 1435 1264 1518 accipiendum

138 1542 286 1626 spiritum
313 1543 454 1607 sunctum
480 1541 608 1607 idoneus
635 1538 736 1605 iaetus
758 1540 815 1619 ost,
843 1539 964 1621 quando
986 1539 1141 1622 spostolus
1162 1538 1261 1603 diost:

101 1646 331 1728 soquotquot
361 1645 400 1709 in
428 1642 585 1709 Christo
613 1642 809 1727 baptizati
839 1642 951 1720 estis,
983 1639 1180 1706 christum
1208 1642 1263 1707 in·

138 1747 294 1813 duistis.
322 1747 375 1829 qui
401 1747 504 1830 potest
529 1746 610 1829 apud
635 1746 806 1811 haereticos
832 1745 1008 1828 baptizatus
1029 1744 1188 1811 Christum
1211 1745 1260 1810 in·

141 1852 243 1930 duero,
260 1850 360 1915 multo
375 1850 477 1933 magis
492 1851 594 1932 potest
609 1849 755 1932 spiritum
770 1850 911 1913 sanetum
923 1846 1163 1931 quemchristus
1175 1850 1264 1914 misit

139 1954 286 2036 eeoipere.
301 1956 437 2019 ooterm'n
453 1953 551 2017 maior
565 1953 625 2018 erit
640 1953 788 2017 mittente
802 1953 857 2035 qui
872 1953 986 2016 missus
1002 1954 1059 2031 ost,
1081 1955 1117 2017 ut
1131 1952 1263 2037 inoipist

138 2056 214 2122 ioris
225 2057 401 2141 baptizatus
413 2055 571 2121 Christum
587 2057 712 2138 quidem
726 2056 874 2134 induisse,
890 2054 943 2121 sed
957 2058 1101 2120 ssnotum
1116 2056 1262 2138 spiritum

101 2184 128 2221 re
139 2179 199 2226 non
219 2161 355 2244 potuisse
377 2160 541 2244 percipere,
565 2160 653 2243 qussi
667 2160 765 2241 possit
780 2161 836 2224 aut
850 2159 916 2224 sino
931 2158 1044 2242 spiritu
1058 2157 1198 2224 Christus
1212 2159 1262 2223 in-

139 2263 193 2327 dui
205 2267 260 2328 aut
272 2282 290 2328 s
302 2262 423 2328 Christo
439 2264 568 2347 spiritus
583 2263 728 2344 seperari.
744 2262 825 2326 illud
840 2280 961 2344 quoque
974 2262 1125 2345 ineptum,
1142 2264 1178 2326 ut
1189 2282 1262 2327 eum

139 2366 288 2431 natiuitss
314 2366 448 2431 secunde
473 2366 623 2447 spiritalis
649 2366 700 2443 sit,
728 2384 789 2447 qus
814 2366 847 2430 in
874 2365 996 2431 Christo
1022 2385 1077 2447 per
1101 2365 1261 2431 laneorum

139 2470 379 2553 regenerationis
394 2470 560 2547 nascimur,
585 2469 689 2533 dicant
704 2469 784 2550 quod
799 2468 898 2550 possit
912 2469 982 2551 quis
997 2470 1079 2550 apud
1093 2469 1264 2534 haereticos

137 2564 321 2654 spirituliter
332 2573 425 2649 nasei,
441 2572 496 2635 ubi
509 2571 655 2654 spiritum
670 2572 783 2653 nogent
798 2590 872 2636 esse.
890 2573 1016 2652 peoostu
1030 2572 1113 2635 enim
1128 2591 1262 2655 purgare

101 2678 169 2739 met
192 2674 348 2739 hominem
374 2674 564 2740 sanctificare
590 2694 670 2756 aque
696 2673 761 2739 sols
786 2692 847 2739 non
872 2676 984 2758 potest,
1010 2675 1071 2738 nisi
1096 2674 1209 2740 habeat
1231 2677 1264 2761 et

138 2778 283 2861 spiritum
311 2772 461 2842 sanetum.
489 2796 584 2860 quaro
610 2778 665 2841 aut
692 2778 723 2841 et
746 2778 892 2859 spiritum
916 2796 1038 2843 neeesse
1062 2780 1110 2843 ost
1133 2779 1170 2841 ut
1191 2796 1265 2842 eon·

138 2882 248 2945 cedent
268 2898 334 2945 esse
353 2880 420 2945 illio
440 2880 496 2945 ubi
511 2880 667 2962 baptismo
682 2898 747 2944 esse
762 2880 880 2957 dieunt,
903 2882 959 2945 sut
974 2899 1030 2945 noo
1044 2881 1200 2962 baptisma
1214 2885 1263 2947 ost

140 2983 193 3049 uhi
213 2984 342 3066 spiritus
362 3000 423 3048 non
443 2984 498 3062 ost,
520 2984 594 3065 quia
615 2983 770 3065 baptisma
785 3002 850 3047 esse
865 2984 930 3049 sine
945 2984 1133 3067 spiritunon
1148 2987 1259 3067 potest.

240 3134 274 3189 10
291 3135 350 3190 Gal.
369 3136 394 3199 3,
412 3135 454 3191 27.

191 3274 205 3326 1
218 3272 381 3343 iudicentur]
393 3273 516 3327 dioentur
528 3274 555 3327 Β
659 3289 705 3327 our
717 3290 770 3327 non
782 3290 832 3327 om.
847 3274 969 3342 BLPn·
982 3290 1036 3328 non
1046 3275 1130 3330 01ιο
1232 3276 1263 3328 in

135 3376 186 3412 om.
200 3358 227 3412 Β
329 3346 420 3413 211οῶ
436 3361 460 3415 Τ
558 3359 591 3413 sd
604 3376 638 3413 ox
650 3363 682 3413 nt
698 3359 721 3415 0
822 3360 903 3414 3non
912 3367 975 3428 post
986 3360 1102 3414 nominis
1115 3361 1174 3414 ext.
1188 3360 1227 3415 Co

137 3443 226 3497 eedem
239 3460 288 3497 om.
306 3445 329 3499 0
447 3444 565 3499 eiusdem
577 3462 627 3499 om.
641 3446 697 3500 BP
815 3446 962 3500 inoluisse
978 3446 1012 3500 0¹
1132 3446 1262 3499 hssnoti·

138 3528 289 3583 ficationem
302 3531 329 3583 B
432 3532 492 3599 quis
509 3532 584 3587 GT'o
687 3535 767 3585 notus
779 3534 821 3585 ost
833 3532 860 3585 Β
972 3533 989 3586 6
1001 3548 1047 3586 eur
1059 3532 1086 3586 P
1097 3548 1118 3586 s.
1131 3532 1149 3586 t.
1161 3549 1195 3585 m.
1208 3536 1227 3586 2

138 3615 327 3669 treiormstur
339 3616 366 3669 Β
486 3615 531 3686 sd]
545 3634 591 3670 our
603 3616 637 3670 nd
653 3617 732 3671 Ceur
743 3633 764 3671 s.
778 3618 795 3671 l.
917 3617 1054 3671 9ideneus
1070 3618 1095 3672 T
1209 3616 1261 3685 est]

140 3706 243 3756 nonest
259 3704 346 3758 Onon
357 3719 378 3757 s.
391 3704 409 3759 1.
496 3704 610 3775 quando]
623 3721 683 3759 oum
699 3706 763 3759 Tin
775 3721 830 3758 rao.
923 3704 957 3758 10
969 3703 1109 3773 quodquod
1125 3704 1227 3759 0¹Pr·

139 3788 268 3841 christum
282 3788 309 3842 Β
422 3791 454 3843 11
466 3788 618 3859 baptizatos
631 3790 657 3844 Τ
758 3790 860 3843 christo
872 3790 904 3845 0¹
1017 3790 1050 3843 13
1062 3790 1175 3859 incipies
1192 3790 1226 3845 0¹

140 3874 172 3926 14
183 3873 311 3944 induisse]
325 3874 419 3929 induet
431 3892 458 3929 so
476 3877 536 3932 Oot
547 3892 580 3931 ex
592 3878 615 3930 it
729 3859 787 3946 spiri
800 3859 855 3929 sffl
868 3877 937 3931 Bos
1054 3876 1087 3929 15
1098 3874 1190 3929 induit
1205 3874 1229 3929 0

140 3959 171 4012 16
183 3964 231 4013 sut
244 3961 269 4013 T
278 3977 297 4014 s.
312 3961 330 4015 1.
424 3978 501 4016 eom.
515 3964 543 4017 P
636 3962 747 4033 christo]
761 3946 851 4016 s'oo‘ex
862 3946 910 4031 ph
921 3963 944 4018 0
1037 3963 1157 4031 ineptum
1170 3964 1212 4015 est
1224 3962 1261 4025 B,

139 4045 212 4114 inept
224 4062 284 4115 emp.
300 4046 328 4111 O,
342 4062 422 4116 quem
435 4049 553 4118 ineptum
568 4052 637 4103 esto
749 4050 781 4102 ut
793 4066 854 4116 exp.
872 4048 895 4103 0
1003 4048 1034 4102 17
1047 4048 1108 4117 qus]
1122 4048 1187 4116 quis
1199 4048 1227 4101 Β

140 4132 171 4184 19
183 4132 308 4200 spiritum
322 4174 328 4184 .
340 4172 363 4185 ..
378 4134 449 4187 enim
462 4150 511 4189 om.
523 4135 588 4189 Tin
600 4150 655 4189 ros.
724 4137 825 4203 negant
834 4134 929 4189 ΒΟΤυ
997 4133 1032 4187 20
1040 4134 1087 4187 att.
1100 4136 1128 4187 et
1140 4150 1190 4188 orn.
1203 4135 1228 4188 Τ

139 4216 170 4268 21
183 4220 305 4271 sanctum
317 4220 407 4276 onst)
507 4236 586 4289 quere
599 4236 623 4274 a.
636 4224 664 4274 et
676 4220 802 4289 spiritum
815 4236 864 4273 ono.
882 4219 929 4272 ΟΡ
1024 4220 1081 4289 aut]
1095 4223 1185 4273 sutem
1198 4220 1226 4273 Β

140 4304 165 4354 ot
177 4320 237 4371 exp.
254 4305 283 4367 Τ,
297 4320 376 4359 onte
461 4306 586 4375 spiritum
599 4310 748 4361 sanetumo
832 4310 862 4359 ut
873 4322 923 4359 om.
940 4304 978 4360 Ov
1058 4305 1186 4360 eonoedst
1199 4307 1226 4359 Β

136 4388 170 4441 22
182 4389 239 4443 illio
251 4406 307 4445 esso
319 4374 380 4446 sein
388 4375 449 4461 sp'nr‘
460 4392 483 4448 0
492 4375 551 4447 effi
559 4376 619 4461 epm
628 4408 648 4447 s.
662 4393 679 4447 1.
767 4392 802 4447 23
814 4391 926 4462 spiritus
939 4395 1075 4446 sonetuso
1161 4391 1263 4460 spiritu

140 4478 257 4530 senotoo

983 4564 1055 4629 51*
