3242 5159
283 509 348 572 412
695 507 842 562 Caecilii
861 509 1024 578 Cypriani

284 664 454 747 gubernat,
475 681 582 745 pacem
598 663 749 741 custodit,
774 663 971 746 disciplinam
987 666 1084 750 regit,
1107 664 1247 730 libidinis
1262 666 1416 746 impetum

285 767 417 850 frangit,
454 767 586 831 tumoris
611 767 795 832 uiolentiam
822 769 1006 851 conprimit,
1042 770 1217 834 incendium
1244 769 1417 834 simultatis

285 870 449 954 extinguit,
465 872 585 936 coercet
599 870 769 951 potentiam
785 872 932 950 diuitum,
948 873 1085 956 inopiam
1100 891 1269 955 pauperum
1286 873 1415 950 resonet,

286 973 392 1039 tuetur
414 973 446 1038 in
469 974 643 1059 uirginibus
665 974 790 1040 beatam
805 977 1037 1060 integritatem,
1061 976 1093 1041 in
1110 977 1214 1042 uiduis
1230 977 1415 1042 laboriosam

287 1077 480 1156 castitatem,
514 1078 547 1141 in
576 1079 747 1143 coniunctis
774 1082 806 1144 et
835 1080 991 1145 maritatis
1017 1080 1215 1146 indiuiduam
1241 1080 1454 1146 caritatems

287 1180 363 1246 facit
377 1180 512 1244 humiles
527 1180 560 1245 in
574 1182 742 1262 prosperis,
766 1183 799 1247 in
815 1183 953 1248 aduersis
969 1182 1079 1261 fortes,
1104 1185 1210 1248 contra
1232 1183 1361 1248 iniurias
1382 1184 1415 1247 et

287 1285 490 1351 contumelias
504 1285 607 1350 mites.
631 1286 721 1350 docet
742 1287 995 1369 delinquentibus
1018 1289 1080 1354 cito
1102 1289 1274 1373 ignoscere,
1299 1288 1326 1352 si
1348 1287 1415 1368 ipse
1524 1311 1526 1318 ’

286 1390 462 1471 delinquas,
486 1388 540 1453 diu
564 1391 595 1453 et
616 1390 753 1454 multum
775 1408 893 1476 rogare.
918 1393 1136 1473 temptationes
1153 1393 1322 1477 expugnat,
1344 1409 1415 1472 par-

286 1494 458 1558 secutiones
480 1492 608 1569 tolerat,
642 1493 800 1575 passiones
824 1495 856 1558 et
878 1496 1029 1578 martyria
1051 1496 1254 1560 consummat.
1279 1495 1345 1576 ipsa
1368 1495 1416 1558 est

286 1617 365 1680 quae
378 1596 450 1662 fidei
465 1597 588 1661 nostrae
602 1596 805 1662 fundamenta
820 1597 951 1662 firmiter
972 1599 1084 1662 munit.
1106 1599 1175 1681 ipsa
1197 1600 1245 1662 est
1267 1615 1344 1679 quae
1366 1597 1416 1660 in-
1427 1621 1455 1660 10

287 1702 443 1766 crementa
458 1701 524 1782 spei
539 1700 718 1765 sublimiter
733 1701 884 1783 prouehit.
908 1703 976 1782 ipsa
991 1702 1096 1767 actum
1112 1701 1237 1785 dirigit,
1262 1701 1298 1764 ut
1313 1702 1416 1765 tenere

286 1804 440 1885 possimus
455 1803 542 1869 uiam
557 1802 680 1882 Christi,
700 1805 775 1869 dum
791 1825 846 1887 par
861 1806 927 1870 eius
943 1806 1140 1870 tolerantiam
1156 1805 1325 1889 gradimur.
1349 1804 1417 1884 ipsa

287 1905 383 1971 efficit
398 1907 434 1970 ut
447 1925 676 1988 perseueremus
691 1907 749 1972 lilii
761 1910 829 1986 Dei,
845 1909 921 1973 dum
935 1909 1119 1992 patientiam
1129 1908 1228 1992 patris
1243 1908 1415 1972 imitamur.

236 2017 273 2080 tl
330 2011 373 2075 st
398 2012 543 2093 quoniam
568 2010 721 2094 plurimos
750 2014 830 2090 scio,
854 2012 964 2078 fratres
980 2013 1195 2091 dilectissimi,
1218 2012 1269 2076 uel
1284 2009 1418 2092 pondere

287 2114 471 2179 iniuriarum
484 2115 664 2199 angentium
679 2116 730 2180 uel
745 2116 849 2182 dolore
864 2116 902 2181 de
918 2117 961 2180 eis
977 2117 1030 2198 qui
1046 2117 1211 2181 aduersum
1227 2135 1259 2180 se
1274 2131 1417 2198 grassan-
1428 2139 1454 2178 rs

287 2218 339 2281 tur
354 2219 385 2281 et
400 2217 542 2282 saeuiunt
556 2218 708 2283 uindicari
723 2220 872 2284 uelociter
887 2229 1012 2301 cupere,
1039 2239 1094 2284 nec
1116 2218 1195 2282 illud
1222 2219 1254 2282 in
1282 2220 1418 2281 extrema

286 2321 374 2402 parte
388 2321 580 2386 reticendum
593 2324 657 2399 est,
683 2324 719 2385 ut
734 2322 766 2387 in
782 2323 853 2387 istis
872 2323 1053 2388 fluctuantis
1068 2323 1177 2387 mundi
1192 2321 1371 2386 turbinibus
1385 2321 1418 2384 et

288 2423 474 2489 Iudaeorum
489 2424 555 2488 siue
577 2425 744 2509 gentilium
767 2427 799 2490 ct
821 2427 1044 2492 baereticorum
1061 2445 1180 2509 quoque
1195 2423 1418 2507 persecutioni-

289 2528 347 2592 bus
362 2529 525 2593 constituti
539 2529 695 2610 patienter
710 2532 905 2610 expectemus
922 2529 1049 2594 ultionis
1065 2530 1148 2594 diem
1170 2549 1226 2594 nec
1242 2528 1280 2592 ad
1295 2526 1419 2592 uindic·
1449 2595 1458 2616 ·

288 2632 354 2696 tam
369 2632 482 2696 doloris
505 2633 603 2698 nostri
627 2633 754 2715 querula
776 2632 974 2698 festinatione
990 2651 1202 2715 properemus,
1227 2623 1305 2696 cum'
1321 2631 1418 2713 scrip·
1429 2665 1458 2705 20

289 2737 359 2800 tum
380 2736 440 2800 sit:
473 2737 634 2817 expecta
662 2756 737 2813 me,
772 2736 874 2801 dicit
895 2737 1098 2814 Dominus,
1133 2736 1171 2800 in
1202 2735 1264 2800 die
1294 2751 1419 2798 resur-

289 2837 478 2904 rectionis
500 2857 603 2904 meae
635 2839 673 2904 in
705 2841 996 2918 testimonium,
1031 2841 1208 2922 quoniam
1231 2837 1421 2902 iudicium

288 2961 412 3006 meum
434 2943 480 3006 ad
502 2944 826 3027 congregationes
855 2944 1046 3028 gentium,
1081 2945 1122 3008 ut
1153 2942 1344 3023 excipiam
1367 2959 1422 3004 re-

290 3065 357 3130 ges
386 3047 424 3110 et
453 3043 651 3109 effundam
681 3065 796 3128 super
825 3065 885 3110 eos
908 3047 1008 3110 iram
1031 3065 1158 3111 meam.
1194 3046 1353 3128 expectare
1367 3061 1422 3108 nos

290 3148 377 3214 iubet
391 3148 543 3212 Dominus
558 3150 589 3212 et
605 3147 728 3213 futurae
743 3148 872 3214 ultionis
895 3149 978 3214 diem
1001 3149 1072 3213 forti
1095 3148 1246 3230 patientia
1262 3147 1422 3222 sustinere,
1433 3167 1459 3208 as

291 3251 345 3334 qui
367 3253 399 3315 et
420 3251 453 3314 in
468 3250 656 3333 Apocalypsi
678 3252 816 3334 loquitur
838 3253 956 3317 dicens:
991 3272 1033 3316 ne
1056 3252 1282 3336 signaueris
1305 3250 1424 3314 uerba

290 3353 519 3438 prophetiae
541 3353 635 3418 libri
657 3355 789 3433 huius,
806 3356 895 3437 quia
918 3355 992 3420 iam
1015 3358 1167 3436 tempus
1190 3355 1227 3419 in
1249 3353 1423 3435 proximo

291 3460 366 3524 cst:
400 3458 1040 3540 ethiquiperseuerantnocere,
1078 3461 1256 3538 noceant,
1294 3458 1331 3521 et
1355 3455 1422 3538 qui

290 3563 330 3627 in
353 3562 536 3628 sordibus
559 3564 617 3627 est
639 3561 847 3628 sordescat
868 3563 1007 3641 adhuc,
1043 3565 1171 3627 iustus
1202 3563 1332 3628 autem
1362 3563 1423 3627 ad-

391 3785 426 3842 21
447 3785 525 3853 sepa.
540 3787 564 3850 a,
577 3787 602 3838 s.
655 3786 689 3839 ac
707 3785 787 3854 spec.
800 3786 843 3850 aa,
857 3785 891 3838 ro
903 3802 941 3855 sq.

342 3975 522 4028 itomorisS
582 3974 778 4044 luirgibusS
842 3975 871 4028 in
885 3974 975 4028 uiduis
988 3975 1006 4028 l.
1020 3973 1176 4028 castitatem
1189 3990 1238 4028 aaa
1253 3976 1292 4031 W
1351 3973 1425 4028 labo-

290 4060 400 4129 riosam]
414 4060 553 4114 desiaitS
615 4061 649 4114 13
667 4061 707 4116 fili
724 4063 773 4118 W¹
839 4060 1005 4115 imitaturG
1059 4061 1091 4114 14
1109 4061 1145 4129 et]
1159 4061 1233 4115 sedo
1285 4059 1423 4129 quoniam]

290 4146 413 4216 quami}
464 4146 497 4200 15
514 4145 553 4200 oia
566 4148 615 4211 W,
634 4147 721 4202 hieG
781 4147 977 4201 crassanturG
1042 4148 1075 4202 16
1093 4145 1423 4216 neo...reticendumest]

289 4251 339 4289 nec
350 4235 378 4288 in
390 4235 468 4289 illum
481 4235 592 4288 extremi
603 4235 699 4289 iudicii
711 4235 783 4289 diem
795 4235 926 4290 malorum
939 4235 1144 4290 retributionem
1157 4233 1274 4288 differre:
1285 4233 1424 4287 nobiscum

290 4322 383 4376 hortor
395 4320 506 4375 interim
518 4321 714 4390 amplectimini
726 4323 874 4390 patientiae
886 4322 986 4376 bonum
999 4339 1015 4376 v
1023 4329 1087 4390 post
1101 4321 1260 4378 Marcilium
1312 4319 1346 4373 20
1358 4336 1424 4388 qne-

290 4406 562 4462 rulactinuidiuaao
614 4407 745 4475 scriptum
757 4409 867 4464 om.W¹
914 4395 1010 4462 a1dn‘s
1027 4408 1196 4463 Wal.m.2
1250 4406 1320 4460 diem
1333 4407 1373 4462 W

290 4495 325 4548 25
343 4494 470 4547 sustineri
483 4495 522 4548 W
572 4495 607 4547 28
624 4499 652 4546 ct
663 4493 704 4561 hi]
716 4497 749 4546 ut
761 4497 789 4546 et
801 4493 822 4545 ii
836 4511 863 4558 o;
877 4497 913 4560 cs.
928 4500 986 4548 test.
1002 4495 1102 4548 11123
