3242 5159
420 1369 500 1467 llll
532 1370 698 1468 BONO
730 1371 1133 1470 ΡΑΤΙΕΝΤΙΑΕ.

256 1640 318 1750 De
333 1682 486 1765 patientia
500 1684 675 1762 locuturus
699 1684 811 1749 fratres
827 1683 1041 1762 dilectissimi,
1056 1687 1089 1749 et
1105 1685 1259 1750 utilitates
1275 1686 1340 1751 eius
1358 1699 1370 1760 1

215 1789 247 1852 et
271 1788 433 1852 commoda
457 1787 692 1870 praedicaturus
717 1787 798 1852 unde
824 1787 928 1869 potius
955 1786 1120 1871 incipiam,
1145 1807 1238 1871 quam
1259 1789 1339 1870 quod

213 1910 295 1956 nunc
310 1909 430 1973 quoque
444 1889 485 1956 ad
499 1891 692 1955 audientiam
708 1892 844 1956 uestram
855 1891 1037 1974 patientiam
1050 1891 1139 1956 uideo
1155 1909 1221 1957 esse
1235 1909 1340 1957 ncces·

178 2019 191 2056 r
215 1992 344 2071 sanam,
366 1994 402 2057 ut
424 2013 479 2058 nec
501 1993 559 2058 hoc
581 1993 685 2077 ipsum
701 1993 782 2077 quod
796 1994 912 2059 auditis
928 1995 960 2059 et
975 1994 1095 2060 discitis
1110 1994 1175 2059 sine
1190 1995 1341 2077 patientia

213 2095 312 2161 lacere
328 2098 474 2180 possitis?
489 2100 564 2162 tunc
578 2098 661 2162 enim
676 2096 802 2162 demum
818 2117 917 2163 sermo
933 2100 964 2162 et
979 2098 1059 2162 ratio
1075 2099 1220 2163 salutaris
1235 2097 1340 2164 effica-

214 2199 292 2264 citer
305 2199 452 2279 discitur,
475 2201 502 2266 si
529 2202 683 2284 patienter
709 2203 789 2285 quod
816 2202 930 2266 dicitur
956 2201 1108 2267 audiatur.
1132 2222 1186 2268 nec
1206 2202 1340 2278 inuenio,

212 2303 323 2371 fratres
338 2304 549 2382 dilectissimi,
573 2305 654 2371 inter
676 2307 791 2371 ceteras
814 2306 994 2388 disciplinae
1017 2307 1157 2371 caelestis
1180 2305 1247 2370 uias
1270 2305 1341 2388 qui-

212 2407 271 2472 bus
293 2409 333 2474 ad
355 2408 567 2491 consequenda
582 2410 734 2475 diuinitus
749 2411 887 2493 praemia
902 2410 967 2493 spei
983 2429 1017 2475 ac
1033 2409 1104 2475 fidei
1120 2410 1241 2474 nostrae
1257 2412 1341 2474 secta

178 2540 204 2578 ro
215 2512 362 2597 dirigitur
376 2513 452 2596 quid
466 2513 568 2597 magis
584 2512 626 2577 sit
642 2513 692 2576 uel
707 2512 817 2577 utilius
833 2513 872 2577 ad
887 2513 988 2577 uitam
1011 2513 1061 2577 uel
1084 2513 1185 2578 maius
1208 2512 1248 2578 ad
1271 2513 1340 2596 glo·

213 2617 294 2686 riam
305 2637 400 2699 quam
415 2619 451 2681 ut
467 2617 519 2698 qui
535 2615 704 2699 praeceptis
719 2617 882 2682 dominicis
897 2616 1042 2699 obsequio
1057 2617 1180 2682 timoris
1195 2636 1230 2681 ac
1246 2615 1341 2679 deuo·

216 2721 310 2785 tionis
331 2719 496 2785 innitimur
518 2720 703 2802 patientiam
724 2722 858 2786 maxime
873 2721 940 2786 tota
955 2721 1169 2786 obseruatione
1184 2723 1338 2785 tueamur.

257 2824 347 2888 Hanc
373 2844 405 2890 se
431 2825 543 2888 sectari
568 2823 744 2906 philosophi
770 2841 890 2906 quoque
904 2825 1102 2907 profitentur,
1126 2824 1180 2889 sed
1195 2824 1261 2888 tam
1276 2821 1372 2886 illice

215 2927 368 3009 patientia
382 2926 463 2992 falsa
484 2929 531 2991 est
553 2946 647 3009 quam
670 2928 702 2992 et
724 2926 804 2993 falsa
826 2929 978 3011 sapientia
1000 2930 1056 2994 est.
1081 2929 1161 2993 unde
1184 2927 1266 2992 enim
1290 2925 1341 2990 uel

179 3055 204 3094 15
215 3029 336 3113 sapiens
351 3049 418 3096 esse
432 3031 483 3095 uel
498 3031 618 3114 patiens
633 3029 732 3113 possit
746 3031 800 3114 qui
815 3050 870 3096 nec
885 3033 1071 3115 sapientiam
1086 3051 1142 3097 nec
1153 3030 1340 3115 patientiam

214 3131 273 3198 Dei
288 3133 398 3199 nouit?
414 3134 534 3216 quando
549 3135 615 3216 ipse
630 3133 668 3198 de
683 3134 732 3199 his
748 3135 801 3216 qui
818 3135 877 3199 sibi
893 3154 997 3219 sapere
1012 3136 1044 3200 in
1060 3135 1174 3200 mundo
1197 3135 1342 3198 uidentur

212 3239 339 3301 moneat
363 3238 395 3302 et
421 3236 524 3301 dicat:
563 3237 723 3321 perdam
760 3239 998 3320 sapientiam
1031 3237 1269 3320 sapientium
1303 3237 1341 3301 et

216 3338 465 3420 prudentiam
489 3342 743 3423 prudentium
765 3343 1002 3425 reprobabo,
1037 3343 1115 3406 item
1137 3341 1246 3405 beatus
1267 3357 1341 3422 apo·

214 3442 312 3506 stolus
334 3443 451 3509 Paulus
477 3445 585 3526 plenus
611 3444 730 3527 Spiritu
757 3447 862 3511 sancto
888 3447 919 3511 et
944 3445 1089 3510 nocendis
1112 3443 1342 3524 formandisque

178 3547 360 3628 regentibus
376 3547 492 3613 missus
507 3550 697 3612 contestetur
712 3550 744 3613 et
758 3550 895 3614 instruat
909 3549 1030 3614 dicens:
1055 3549 1187 3613 uidete
1209 3565 1252 3611 ne
1277 3544 1340 3627 qui

317 3733 348 3786 17
367 3734 411 3788 Es.
424 3735 465 3797 29,
480 3734 520 3788 14.
573 3736 608 3788 20
625 3735 680 3788 Col.
693 3736 717 3799 2,
730 3736 747 3788 8
760 3751 799 3805 sq.

264 3921 375 3960 rnorem
399 3921 436 3960 nn
460 3920 546 3959 rrrrn
568 3906 617 3968 W,
651 3921 759 3960 rnorrrr
782 3923 818 3960 on
842 3922 995 3962 rnnrnrsnrn
1023 3890 1076 3962 icis
1093 3922 1161 3962 vrri
1181 3922 1214 3960 ru
1232 3887 1291 3958 roffi
1303 3904 1340 3968 Gt

211 3993 247 4059 cf.
264 3993 347 4062 Gypr.
366 3993 444 4061 epea.
459 3996 494 4046 73
512 4009 533 4047 c.
545 3995 598 4046 26:
618 3996 725 4060 propter
736 3993 786 4047 hoc
803 3994 888 4048 ctiam
906 3993 1030 4047 libellum
1046 4009 1117 4047 nunc
1134 3993 1170 4047 de
1188 3992 1271 4046 bono
1291 4007 1341 4060 pa-

209 4079 360 4134 tientioe
380 4083 510 4149 qnantum
529 4079 618 4134 ualuit
629 4081 722 4132 nostra
734 4079 915 4134 mediocritas.
927 4121 932 4132 .
944 4080 1163 4150 conscripsimus
1213 4080 1232 4133 4
1243 4079 1342 4133 auden-

209 4166 327 4221 tiamW
378 4182 436 4220 csse
448 4181 498 4220 om.
514 4166 540 4219 V
588 4166 733 4219 dhonene
750 4167 789 4221 W
838 4165 1042 4224 iinuenioW
1091 4166 1342 4221 8coelestisdisci·

210 4251 328 4318 plinaeo
380 4253 415 4305 10
426 4252 548 4306 „utilius
562 4252 600 4306 W
652 4251 685 4304 13
696 4253 810 4322 quoque]
823 4253 921 4322 quique
936 4254 962 4306 V
1012 4255 1045 4308 14
1063 4255 1186 4322 esttpoet
1199 4252 1341 4322 sapientia)

209 4337 302 4390 ornG
400 4339 433 4391 16
449 4339 506 4408 ipse
519 4340 569 4406 W,
588 4324 706 4408 ipsedfis
724 4338 762 4403 G,
781 4354 860 4392 orme
947 4339 1077 4409 hisliiso
1165 4339 1196 4392 17
1216 4339 1341 4406 ipseme-

209 4425 274 4476 neat
285 4441 302 4478 o
388 4424 527 4478 hominnm
540 4425 704 4494 sapientium
718 4424 744 4477 V
846 4425 881 4478 20
898 4428 1064 4480 contestatur
1077 4429 1104 4480 et
1116 4425 1230 4480 instruit
1247 4425 1283 4478 G¹

211 4509 272 4576 quis
288 4507 329 4562 Ge
