3242 5159
351 496 412 562 758
750 494 897 549 Caecilii
915 494 1074 564 Cypriani

318 654 339 715 9
393 652 503 734 Adque
523 653 559 715 nt
580 651 680 735 magis
712 650 854 734 intellegi
875 651 980 733 posset
1005 652 1113 715 contra
1137 650 1293 715 eiusmodi
1318 649 1490 714 andaciam

348 773 427 835 qnae
454 754 496 819 sit
521 774 647 819 censura
668 754 785 831 diuina,
808 754 986 819 innenimus
1006 754 1040 817 in
1060 754 1117 817 tali
1138 753 1275 818 facinore
1296 772 1358 817 non
1378 752 1489 818 solnm

348 858 440 921 duces
466 862 497 922 et
518 860 658 924 auctores
684 860 737 923 sed
759 859 790 922 et
811 857 978 941 participes
1001 858 1108 941 poenis
1133 857 1302 934 destinari,
1324 855 1489 920 nisiaea

350 962 564 1027 communione
590 962 745 1027 malornm
772 960 1004 1043 separauerint‚
1031 960 1241 1043 praecipiente
1269 979 1325 1041 per
1350 959 1487 1042 Moysen

347 1064 479 1129 Domino
510 1068 541 1130 et
569 1065 705 1129 dicente:
740 1064 977 1146 separamini
1004 1081 1024 1128 a
1052 1062 1322 1127 tabernaculis
1355 1062 1507 1125 homi-s

346 1188 433 1233 num
466 1168 633 1233 istorum
667 1167 972 1232 durissimorum
1004 1168 1042 1231 et
1073 1167 1200 1231 nolite
1234 1168 1403 1249 tangere
1434 1166 1484 1229 ab

346 1270 523 1337 omnibus
554 1290 650 1353 quae
679 1274 771 1336 sunt
799 1272 871 1347 eis,
904 1290 950 1335 ne
977 1270 1100 1335 simul
1129 1270 1305 1351 pereatis
1332 1269 1374 1333 in
1395 1287 1488 1352 pec-

348 1378 434 1439 cato
458 1392 596 1439 eorum.
619 1375 651 1439 et
672 1375 753 1456 quod
777 1373 984 1439 comminatus
1006 1393 1062 1457 per
1083 1372 1212 1455 Moysen
1242 1372 1400 1437 Dominus
1429 1371 1486 1436 fu-

350 1480 416 1543 erat
431 1478 586 1560 impleuit,
611 1478 791 1560 utquisque
807 1496 839 1541 se
854 1498 873 1542 a
888 1476 966 1541 Cere
980 1480 1012 1541 et
1026 1477 1151 1542 Dathan
1166 1478 1198 1539 et
1213 1475 1334 1539 Abiron
1349 1494 1416 1539 non
1431 1494 1485 1540 se·

346 1584 484 1663 parasset
506 1598 617 1663 poenas
638 1581 748 1645 statim
772 1600 828 1664 pro
849 1580 947 1663 impia
967 1578 1182 1645 cummunione
1197 1578 1401 1660 persolueret.
1418 1597 1524 1661 quon

348 1682 486 1765 exemplo
501 1683 680 1749 ostenditur
695 1688 726 1747 et
741 1684 889 1765 probatur
904 1684 1050 1748 obnoxios
1065 1702 1170 1748 ornnes
1185 1686 1218 1746 et
1232 1682 1341 1765 cnlpae
1357 1684 1392 1746 ct
1406 1700 1486 1764 poe-

346 1807 403 1852 nae
419 1786 541 1852 futuros
556 1788 610 1869 qui
626 1806 659 1851 se
674 1788 883 1852 schismaticis
906 1790 1013 1851 contra
1033 1786 1226 1869 praepositos
1249 1790 1283 1850 et
1303 1786 1487 1852 sacerdotes

346 1889 524 1973 inreligiosa
539 1890 716 1955 temeritate
739 1890 941 1955 miscuerunt.
965 1891 1049 1955 sicut
1066 1890 1164 1954 etiam
1179 1907 1235 1970 per
1249 1886 1329 1953 Osee
1343 1890 1486 1973 prophe-

348 1998 413 2059 tam
430 1994 559 2077 spiritns
575 1996 701 2059 sanctus
724 1994 917 2059 contestatur
939 1995 972 2057 et
993 1994 1089 2059 dicit:
1112 1990 1324 2057 sacrificia
1346 2010 1487 2057 aerum

345 2100 542 2179 tamquam
577 2098 689 2181 panis
727 2097 874 2175 luctus,
913 2114 1042 2162 omnes
1075 2096 1139 2178 qni
1172 2096 1408 2160 manducant
1444 2116 1525 2161 ean

347 2199 733 2274 contaminabuntur,
760 2200 1489 2265 docensscilicetetostendensomncsomnino

347 2324 418 2368 cum
444 2302 621 2369 auctoribus
649 2304 801 2387 supplicio
829 2303 973 2387 coniungi
1001 2304 1055 2385 qui
1076 2302 1192 2367 fnednt
1214 2320 1322 2367 corum
1348 2306 1485 2383 peccato
1602 2355 1603 2366 ,

346 2406 558 2471 contaminati.

296 2512 335 2577 10
390 2508 472 2588 Quae
496 2528 568 2595 ergo
589 2511 671 2593 apud
693 2528 743 2575 eos
763 2509 878 2575 merita
900 2528 966 2575 esse
987 2509 1067 2574 circa
1081 2508 1182 2573 Deum
1205 2510 1336 2590 possunt
1355 2509 1482 2591 quibus

347 2612 499 2695 supplicia
521 2613 674 2679 diuinitus
695 2614 899 2698 inrogantur?
919 2614 974 2677 aut
989 2612 1141 2695 quomodo
1156 2611 1236 2676 tales
1251 2610 1428 2677 iustificare
1442 2618 1480 2679 et
1490 2636 1519 2676 a

346 2715 538 2782 sanctificare
559 2716 732 2799 baptizatos
753 2718 884 2797 possunt
903 2715 957 2798 qni
979 2716 1084 2781 hostes
1104 2715 1299 2780 sacerdotum
1325 2714 1433 2780 aliena
1449 2719 1486 2781 et

345 2818 467 2884 inlicita
493 2821 525 2884 et
548 2820 634 2885 nullo
661 2819 722 2883 sibi
748 2820 815 2884 iure
845 2836 988 2885 nonomen
1016 2837 1164 2901 usurpare
1193 2821 1368 2883 conantur?
1401 2840 1486 2903 quos

345 2924 450 2987 umen
465 2922 547 3005 ipsos
562 2940 623 2988 non
639 2923 790 2989 miramur
805 2940 861 3005 pro
877 2941 933 2987 sna
947 2923 1105 3006 prauitate
1118 2923 1311 2987 contendere.
1325 2923 1483 2989 adserant

346 3042 469 3090 necesse
493 3027 540 3091 est
555 3024 671 3110 singuli
687 3026 801 3108 quique
823 3026 905 3108 quod
925 3024 1052 3103 faciant,
1074 3043 1131 3090 nec
1150 3024 1262 3089 uolunt
1282 3024 1361 3089 uicti
1384 3025 1486 3091 facile

445 3212 462 3266 5
480 3212 559 3267 Num.
580 3214 621 3279 16,
639 3213 682 3270 26.
755 3213 788 3268 14
806 3210 849 3266 Os.
869 3214 893 3276 9,
911 3212 937 3267 4.

395 3385 409 3437 1
423 3384 464 3453 ut]
478 3400 530 3452 qno
547 3385 600 3440 Ga.
615 3385 631 3438 1.
766 3384 915 3455 audaciam]
929 3384 1014 3438 eciam
1030 3382 1056 3448 S,
1069 3382 1208 3437 licentiam
1221 3384 1248 3435 et
1260 3381 1404 3437 audaciam
1420 3384 1445 3453 Q

342 3469 529 3525 neaeman
621 3470 696 3538 sper
708 3486 757 3525 om.
775 3472 798 3527 c
887 3485 978 3523 mosen
991 3469 1018 3524 n
1113 3450 1244 3537 enno
1331 3469 1447 3524 ms

343 3554 573 3610 6durissimorum
586 3556 698 3610 istorum
712 3558 735 3612 0
785 3557 800 3610 1
814 3554 956 3610 homnibus
972 3556 1002 3620 G,
1014 3553 1204 3609 hominibneS
1254 3554 1372 3623 peccetis
1391 3556 1445 3611 CV

342 3644 358 3695 8
371 3644 561 3697 comminaturs
575 3642 598 3699 S
732 3644 749 3697 9
762 3644 884 3712 quisquis
895 3660 912 3697 v
1046 3640 1123 3695 coreb
1136 3640 1158 3695 S
1289 3639 1405 3695 datham
1419 3642 1443 3696 S

343 3728 377 3781 10
388 3732 416 3783 et
426 3745 524 3798 peenas
538 3712 561 3785 'S
711 3728 807 3797 impia]
820 3728 1004 3783 coniuratione
1015 3729 1043 3781 ct
1054 3726 1120 3781 edd.
1137 3726 1160 3781 0
1313 3726 1385 3795 quod
1400 3728 1436 3781 0¹

343 3815 374 3868 11
387 3814 479 3869 noxios
493 3814 515 3870 S
651 3830 741 3869 omnes
754 3817 791 3883 et]
805 3801 839 3868 do
851 3831 879 3867 se
893 3801 986 3869 Octo
997 3830 1052 3867 rac.
1201 3812 1234 3864 12
1247 3812 1433 3881 praepositum
1446 3816 1480 3867 ct

342 3900 504 3955 sacerdotem
516 3900 598 3955 deiO
740 3901 773 3955 13
785 3901 925 3955 miscuerit
940 3901 970 3965 0,
983 3898 1167 3954 miscuerinto
1299 3898 1443 3967 profetas

343 3984 376 4039 14
388 3988 496 4041 sanctus
508 4002 558 4041 om.
573 3986 595 4041 S
682 3986 755 4041 dicat
767 3987 804 4041 M
814 3987 893 4055 (dicit
909 3987 944 4055 Q)
1042 3985 1075 4039 15
1087 3984 1128 4053 cc]
1140 3999 1171 4037 ca
1182 3999 1234 4036 non
1251 3984 1275 4040 0
1366 3986 1402 4039 16
1414 4002 1480 4040 oon·

341 4070 468 4125 taminati
478 4072 512 4135 L,
526 4087 586 4139 exp.
599 4074 665 4125 m.2
768 4088 859 4125 omnes
871 4072 960 4127 ons
1066 4071 1098 4124 17
1112 4055 1249 4139 coniungi]
1263 4070 1400 4140 conpungi
1417 4072 1442 4128 G

341 4156 450 4210 luerunt
467 4158 489 4212 G
493 4164 499 4192 ¹
641 4158 742 4228 eorum]
759 4157 877 4211 omnium
891 4157 914 4211 S
1050 4154 1225 4225 ecquomodo
1238 4156 1397 4225 ethomo
1418 4158 1443 4213 0

340 4244 368 4296 et
380 4242 546 4298 sanctificare
558 4260 607 4299 orn.
626 4244 651 4297 V
725 4244 758 4298 21
771 4244 862 4298 hostes
875 4259 935 4313 cap.
949 4244 985 4309 L,
997 4243 1100 4299 hostiae
1116 4241 1193 4297 Oia.
1206 4241 1224 4294 l.
1295 4245 1323 4295 ct
1335 4242 1428 4297 aliem
1440 4245 1480 4299 Μ

340 4328 438 4396 (aliena
454 4329 486 4398 Q)
565 4332 598 4384 22
610 4332 670 4385 iure
683 4330 710 4385 P
784 4330 819 4383 23
832 4329 966 4401 adsereret]
978 4330 1052 4384 enim
1062 4328 1129 4383 aad.
1145 4326 1211 4382 CVo
1280 4327 1317 4383 24
1327 4328 1434 4384 faciant
1447 4331 1479 4392 S,

338 4414 444 4468 faciunt
460 4416 593 4485 CLPQV
