3242 5159
478 540 656 610 Epistulae
673 538 792 594 nxxv.
817 556 838 595 s
856 540 967 595 21-ss
1220 541 1286 609 825
1331 517 1334 521 ’

137 699 232 763 dum
254 696 333 763 dieis
353 713 403 761 eos
423 696 489 762 iam
508 656 681 778 baptizatus
703 698 735 762 et
749 698 838 762 ertru
859 696 1021 763 seelestam
1041 696 1188 761 welssiae
1209 714 1284 780 gra·

155 801 236 866 tium
256 801 443 865 uonsesntss.
465 817 521 865 nee
540 798 697 883 intellegis
719 799 840 865 animas
860 816 967 864 earnm
986 799 1025 865 de
1045 817 1142 863 munu
1160 800 1216 865 tua
1230 817 1284 863 en·

156 904 238 987 quiri
259 921 330 968 unm
350 902 459 968 iudicii
480 902 546 968 dies
569 902 699 981 uenerit,
726 904 781 985 qui
803 901 982 968 sitientibus
1004 901 1150 968 ecelesiae
1173 902 1283 983 potum

22 1030 46 1072 ,-
156 1006 278 1091 negasti
299 1006 330 1071 et
350 1005 527 1071 uolentibus
548 1005 653 1071 uiuere
673 1022 766 1071 susa
786 1005 897 1070 mortis
918 1004 1017 1088 fuisti,
1039 1005 1072 1071 et
1091 1005 1217 1088 insuper
1231 1004 1281 1070 in·

39 1170 44 1177 .
137 1109 310 1193 sugnens.

29 1276 40 1284 ,
199 1210 279 1276 Vide
293 1229 354 1294 qua
368 1212 514 1295 inperitia
525 1214 560 1278 tu
571 1210 791 1296 reprehendere
806 1211 921 1277 audeas
936 1227 987 1276 ess
1001 1211 1057 1294 qui
1071 1212 1179 1277 eontra
1193 1228 1281 1275 men·
1292 1215 1334 1279 u

21 1348 37 1389 ·.·.·
156 1312 279 1379 dseium
299 1332 354 1396 pre
369 1314 501 1380 ueritnte
515 1314 667 1380 nituntur.
690 1315 760 1397 quis
775 1314 860 1379 enim
873 1314 988 1380 iustius
1003 1313 1162 1399 indignuri
1177 1317 1283 1379 benaa

25 1452 42 1496 ⁴·
156 1415 290 1483 alterum
315 1416 446 1483 debuit?
471 1420 617 1485 utrumne
643 1417 698 1500 qni
723 1416 828 1483 hostes
843 1417 902 1483 Dei
928 1417 1045 1483 adserit
1066 1436 1106 1481 an
1128 1436 1202 1483 nere
1228 1416 1284 1499 qui

20 1559 40 1603 ς·
157 1518 304 1585 aduersus
326 1519 430 1585 hustoe
445 1521 504 1586 Dei
525 1540 581 1603 pro
604 1520 750 1587 eeslesiae
773 1521 907 1587 ueritate
928 1520 1094 1585 usmistit?
1118 1520 1180 1585 nisi
1200 1521 1284 1602 qued

24 1666 32 1692 .-
122 1621 305 1705 ruinpeuitus
326 1623 421 1689 etium
443 1623 596 1689 enimusus
620 1625 713 1706 atque
734 1623 898 1689 uaemdus
921 1640 987 1689 esse
1007 1621 1211 1688 manifestum
1224 1625 1282 1707 est,

18 1772 35 1817 φῖ,
156 1724 231 1793 dnm
252 1746 308 1810 per
327 1726 464 1809 inopiam
484 1727 606 1793 consilii
622 1728 654 1793 et
664 1727 815 1794 sermonis
830 1727 871 1792 ad
885 1725 1081 1792 iracundiam
1104 1725 1197 1792 facile
1211 1745 1283 1792 uer·

155 1830 275 1909 tantur,
289 1830 326 1895 ut
336 1829 376 1895 de
389 1830 476 1897 nullu
491 1830 552 1896 ulie
568 1830 669 1915 magis
683 1849 777 1913 quam
793 1829 970 1895 detedieat
985 1829 1139 1911 scriptura
1154 1828 1278 1895 diune:

154 1931 264 1997 homo
296 1932 494 1999 animosus
527 1934 640 2017 parat
672 1933 784 2012 lites,
819 1934 857 1998 et
886 1932 947 1998 uir
978 1932 1193 1998 iracundus
1222 1950 1281 1996 en·

20 2022 21 2025 ¹
155 2035 340 2119 aggerrat
361 2038 532 2119 perusta.
555 2036 626 2101 lites
647 2036 730 2102 enim
745 2036 777 2103 et
791 2035 996 2102 dissensiones
1010 2035 1142 2117 quantas
1162 2034 1281 2119 perusti

18 2124 34 2204 'J
122 2160 146 2200 rs
157 2156 212 2221 per
231 2138 375 2205 eeclesias
395 2139 493 2205 totiru
514 2139 645 2205 mundi?
670 2140 832 2223 peecatum
854 2157 926 2204 nero
946 2157 1042 2220 quam
1057 2156 1206 2221 maguum
1221 2136 1282 2201 tibi

18 2227 35 2240 ”
156 2242 360 2325 exaggerasti,
381 2241 503 2323 quando
519 2244 551 2307 te
566 2261 584 2307 u
598 2242 646 2307 tut
660 2241 807 2328 gregibus
829 2240 972 2306 scidisti?
992 2239 1135 2306 excidisti
1150 2240 1235 2305 enim
1248 2240 1281 2305 te

17 2414 18 2421 χ
155 2343 270 2427 ipsum,
285 2344 393 2409 nolite
408 2344 523 2425 fallere,
540 2346 567 2411 si
582 2344 709 2427 quidem
723 2344 778 2411 ille
793 2347 842 2410 est
857 2363 929 2409 uere
944 2343 1162 2410 schismatibus
1176 2343 1231 2425 qui
1246 2361 1280 2408 se

17 2428 28 2537 Ἀ
156 2447 417 2513 asummunione
445 2447 671 2513 ecclesiastieae
700 2448 832 2513 unitatis
857 2448 1033 2531 apostatam
1059 2430 1174 2513 deberit.
1206 2445 1282 2512 dum

157 2550 241 2615 enim
267 2551 360 2632 putea
384 2567 490 2615 ornnes
509 2569 529 2615 a
548 2554 581 2615 ts
600 2549 749 2617 abstineri
775 2568 873 2634 pesse,
900 2550 1003 2616 solnm
1023 2551 1056 2616 te
1075 2548 1114 2615 ab
1135 2548 1280 2615 omnibus

20 2720 32 2736 f
122 2652 350 2718 soabstinnisti.
377 2670 433 2717 nee
453 2652 485 2717 te
505 2652 671 2719 informare
692 2653 732 2719 ad
753 2652 894 2737 regulum
915 2652 1058 2719 ueritatis
1077 2653 1110 2717 et
1123 2652 1208 2735 pasis
1229 2652 1281 2717 uel

16 2753 32 2843 J
155 2754 286 2837 apostoli
314 2756 477 2837 praesepta
504 2756 672 2839 putuerunt
701 2756 854 2822 monentia
883 2757 915 2823 et
943 2755 1090 2821 dicentis:
1120 2754 1281 2821 obsecro

16 2859 27 2952 J
155 2876 245 2943 ergo
279 2875 345 2923 nos
379 2875 446 2942 ego
479 2858 636 2925 uinetus
669 2858 708 2925 in
736 2860 898 2925 Domino
930 2859 1046 2944 digne
1079 2859 1282 2925 ambulare

16 2966 30 3052 ζ’
155 2961 357 3027 notatione
389 2980 463 3044 que
495 2962 625 3028 necati
659 2962 773 3041 estis,
807 2982 891 3029 enm
920 2962 1021 3028 omni
1050 2961 1281 3027 bumilitate

16 3059 27 3160 ξ
155 3082 289 3129 sensns
321 3064 359 3129 et
387 3063 569 3144 lenitate,
604 3082 686 3132 eum
718 3065 917 3148 patientia
949 3064 1194 3131 sustinentes
1225 3064 1282 3129 in·

16 3166 20 3194 ²
118 3167 331 3234 suniuemin
347 3168 579 3248 dilectione,
603 3169 703 3235 satis
725 3171 885 3255 agentes
907 3188 1067 3237 seruare
1088 3169 1280 3235 unitatem

16 3269 28 3298 ²'
154 3271 322 3352 spiritus
359 3271 398 3337 in
434 3272 709 3339 coniunctione
747 3274 870 3355 pacis,
914 3292 1028 3339 unum
1065 3290 1204 3355 corpus
1241 3272 1280 3337 et

16 3359 20 3403 ³
153 3391 251 3439 nnus
281 3374 464 3458 spiritus,
494 3376 598 3443 sient
628 3377 758 3443 uocati
784 3378 883 3443 estis
911 3377 950 3443 in
977 3397 1052 3445 nna
1078 3395 1143 3459 spe
1170 3393 1280 3441 noea·

16 3460 24 3508 *¹
153 3475 276 3542 tionis
317 3480 481 3545 nestrae.
525 3499 620 3546 unus
657 3479 858 3559 Dominus,
901 3499 975 3546 nna
1011 3479 1128 3559 tides,
1164 3498 1280 3545 unum

16 3570 22 3612 ³
152 3579 365 3662 baptisma,
398 3601 497 3648 nnus
525 3583 627 3649 Deus
654 3585 692 3649 et
718 3584 828 3667 pater
855 3584 1040 3664 emnium,
1072 3584 1137 3667 qui
1164 3600 1280 3665 super

16 3692 23 3787 }
117 3698 281 3749 aesomnes
303 3684 341 3749 et
362 3702 428 3767 per
449 3686 575 3752 omnia
597 3689 635 3753 et
655 3686 694 3752 in
716 3686 897 3753 omnibus
917 3686 1038 3753 nobis.

257 3869 290 3923 1e
307 3868 387 3924 Pron.
404 3870 447 3937 se,
465 3870 508 3927 ss.
577 3872 611 3927 s1
629 3870 697 3943 spu
714 3872 740 3939 4,
760 3874 835 3929 1-e

203 4022 385 4095 ldieesMQ¹
514 4026 831 4099 duinere]uidereMQ¹
962 4026 1279 4099 erumpnarum,

149 4123 230 4165 ome
337 4111 537 4167 ‘lininstiusE
636 4112 1074 4185 beduersus]eduersusenmqui
1086 4116 1122 4173 Iu
1223 4114 1278 4187 dei]

63 4253 66 4259 ¹
148 4192 194 4248 dei
205 4196 304 4251 usserit
315 4197 376 4253 EIu
516 4198 682 4270 sensistitQ,
695 4201 1245 4267 eonsentitEIu,eontenditueutB0atb

17 4316 18 4325 a
151 4278 184 4334 13
192 4286 271 4349 purat
284 4284 303 4336 1
310 4283 358 4338 esd
369 4299 390 4339 s.
403 4283 421 4339 l.
434 4284 478 4339 uel
489 4284 562 4355 perit
648 4286 682 4341 16
694 4285 800 4341 scidisti
813 4303 862 4343 osu
876 4286 929 4359 EQ
1015 4289 1047 4343 17
1060 4288 1159 4359 ipsum]
1172 4288 1279 4345 scidisti

17 4362 19 4409 f
149 4366 254 4438 udde
348 4368 571 4441 iopeeemMQ¹
676 4372 1091 4446 29quisuperomnesmaEQ
1185 4375 1279 4447 boner

17 4472 18 4495 1
151 4454 390 4525 exsuperans
404 4455 437 4528 u
