3242 5159
332 496 396 562 488
717 491 870 548 Caecilii
890 490 1051 561 Cypriani

265 637 271 657 '
332 651 418 716 ribus
445 653 518 716 sunt
545 651 612 715 sine
640 650 758 716 exclusi
779 649 819 714 de
841 648 966 714 sedibus
995 647 1059 712 suis
1083 647 1190 728 utique
1212 645 1324 712 habere
1347 645 1468 711 debent

332 755 387 838 qni
402 755 446 820 eis
461 753 654 821 ministrent:
688 753 789 819 sedet
811 752 996 818 catecumini
1012 750 1192 834 adprehensi
1208 749 1390 816 infirmitate
1405 749 1467 814 16-

331 858 413 942 cepti
428 876 493 923 esse
514 875 574 922 non
595 856 760 940 debebunt,
783 877 804 921 u
835 855 879 921 eis
902 854 1113 920 subueniatur.
1138 855 1169 919 et
1184 853 1265 936 quod
1287 853 1467 918 maximum

331 962 387 1044 est,
411 980 536 1044 corpora
550 961 723 1042 martyrum
738 961 794 1024 aut
808 959 977 1024 ceterorum
999 958 1026 1022 si
1047 976 1108 1022 non
1125 957 1322 1040 sepeliantur,
1345 955 1465 1040 grande

330 1065 501 1150 perieulum
522 1064 666 1129 imminet
681 1064 725 1128 eis
740 1063 851 1144 quibus
874 1061 1028 1154 incumbit
1047 1063 1203 1143 hocopus.
1236 1060 1485 1140 cuiuscumques

330 1188 402 1253 ergo
417 1169 556 1234 uestrum
568 1186 760 1250 quacumque
776 1166 932 1231 occasione
944 1165 1038 1230 fuerit
1053 1164 1197 1230 effectum
1208 1163 1265 1229 hoo
1280 1181 1364 1246 opus,
1380 1162 1465 1226 certi

329 1291 436 1336 sumus
457 1289 529 1336 eum
551 1270 665 1335 bonum
688 1288 813 1334 seruum
828 1269 996 1346 aestimari,
1019 1269 1055 1332 ut
1077 1267 1184 1350 quiin
1205 1266 1335 1331 minimo
1358 1265 1464 1330 fidelis

328 1375 391 1442 fuit
413 1374 621 1440 constituatur
641 1393 732 1457 super
746 1373 853 1439 decem
868 1373 1021 1438 ciuitates.
1059 1371 1155 1436 faeiat
1170 1377 1275 1436 autem
1290 1371 1383 1448 Dens,
1404 1369 1463 1451 qui

329 1477 433 1543 omnia
450 1478 589 1559 praestat
612 1477 806 1560 sperantibus
829 1476 862 1540 in
877 1495 918 1554 se,
941 1476 978 1540 ut
992 1493 1097 1540 omnes
1118 1491 1173 1539 nos
1196 1473 1228 1539 in
1249 1474 1298 1538 his
1313 1472 1462 1556 operibns

327 1581 530 1646 inueniamur.
569 1580 707 1645 salutant
726 1580 908 1646 nedfratres
923 1580 976 1661 qui
998 1579 1117 1644 suntin
1132 1577 1267 1644 uinculis
1282 1577 1314 1642 et
1328 1577 1501 1660 presby-10

327 1685 387 1749 teri
402 1686 434 1750 et
456 1685 523 1749 tota
544 1682 689 1761 ecclesia,
712 1702 789 1765 quae
806 1683 838 1748 et
853 1684 920 1767 ipsa
942 1703 1011 1748 eum
1034 1701 1157 1748 summa
1180 1681 1387 1748 sollieitudine
1404 1698 1460 1745 ex-

326 1786 420 1852 cubat
434 1805 489 1868 pro
503 1787 646 1852 omnibus
663 1786 717 1870 qui
731 1786 876 1852 innocent
890 1805 1001 1852 nomen
1020 1771 1153 1851 Domini.
1190 1785 1243 1851 sed
1258 1787 1290 1850 et
1305 1802 1359 1848 nos
1374 1784 1459 1866 peti-

327 1909 396 1954 mus
420 1890 529 1955 mutua
544 1890 611 1954 nice
626 1908 776 1956 memores
791 1890 862 1955 sitis
883 1891 991 1956 nestri.
1029 1890 1135 1954 sciatis
1150 1892 1255 1954 autern
1270 1888 1461 1954 Bassianum

325 1993 500 2076 peruenisse
515 1994 555 2058 ad
568 2012 638 2058 nos:
662 1995 694 2058 et
708 1994 844 2077 petimus
859 2013 924 2072 nos,
941 1993 994 2076 qui
1004 1992 1126 2058 habetis
1142 1991 1242 2057 zelum
1257 1993 1325 2070 Dei,
1341 1992 1458 2058 hurum

325 2097 503 2162 litterarum
519 2097 694 2179 exemplum
709 2097 790 2180 apud
803 2115 1010 2180 quoscumque
1021 2096 1162 2178 poteritis
1173 2095 1386 2160 transmittere
1398 2113 1455 2178 per
1466 2125 1494 2164 rs

325 2200 449 2266 idoneas
471 2201 651 2284 occasiones,
675 2201 726 2266 uel
747 2202 866 2266 uestras
889 2199 1028 2278 faciatis,
1053 2201 1119 2266 siue
1140 2199 1286 2264 nuntium
1307 2199 1457 2283 mittatis,

324 2305 360 2368 ut
380 2305 464 2370 stent
484 2303 579 2370 fortes
594 2305 626 2369 et
640 2304 804 2370 inmobiles
819 2305 852 2368 in
866 2303 934 2370 fide.
972 2306 1116 2386 optamus
1137 2321 1202 2381 uos,
1225 2302 1336 2368 fratres
1359 2302 1457 2368 caris-

323 2407 407 2485 simi,
429 2426 549 2490 semper
563 2408 639 2473 bene
654 2407 767 2472 ualere.

574 2695 963 2808 EPISTVLA
998 2695 1197 2808 VIIII.

322 2935 521 2990 CYPRIANVS
538 2927 777 2990 PRESBYTERIS
795 2935 840 2988 ET
858 2934 1075 2990 DIACONIBVS
1098 2935 1220 2991 ROMAE
1243 2934 1489 2994 borosIsran-ro

701 3020 806 3076 Tfflvs
824 3021 1025 3076 FRATRIBVS
1043 3022 1069 3076 S.

295 3205 308 3266 ι
365 3193 443 3258 Cum
458 3193 496 3259 de
511 3211 634 3259 excessu
649 3194 722 3260 boni
744 3194 805 3259 uiri
821 3194 957 3278 collegae
979 3194 1041 3259 mei
1062 3211 1168 3258 rumor
1181 3193 1263 3278 apud
1277 3213 1333 3259 nos
1348 3196 1450 3261 ineer-

322 3299 374 3362 tus
401 3298 498 3377 esset,
530 3297 641 3364 iratres
670 3297 841 3378 carissimi,
876 3301 908 3362 et
929 3297 1031 3380 opinio
1061 3299 1155 3364 dubia
1176 3299 1314 3378 nutaret,
1345 3299 1454 3383 accepi·

373 3484 500 3539 lexcndi
511 3501 543 3548 w,
562 3483 697 3554 expulsip
743 3485 850 3554 deJero
902 3485 1087 3540 icaticumini
1101 3486 1131 3550 Τ,
1145 3485 1324 3540 cathecumini
1335 3503 1401 3557 φμω

320 3571 349 3624 in
366 3570 556 3642 infirmitatep
622 3570 798 3641 3debebunt]
812 3571 950 3626 habebunt
962 3591 982 3640 μ
1047 3571 1147 3640 qnidrp
1216 3572 1360 3641 4grandis
1378 3573 1445 3641 peri·

319 3657 387 3712 culis
402 3658 428 3711 Τ
483 3657 688 3726 51ω1116661μ
743 3657 790 3726 616]
803 3657 880 3727 hisp
946 3657 1073 3727 cuiusque
1086 3677 1120 3727 p3
1140 3658 1328 3727 cuiuscumque
1396 3659 1444 3714 hoc

318 3761 445 3814 opnsoru
460 3763 508 3814 ‹pw
566 3745 721 3801 deflectam
732 3746 849 3815 fueritp
906 3746 1120 3816 'den'stimerip
1180 3746 1290 3800 minime
1303 3763 1388 3818 ome

318 3831 416 3901 eluit]
438 3832 522 3901 eritp
587 3848 666 3902 snper
685 3849 734 3887 oue
748 3847 773 3886 w
839 3830 1036 3901 dacem]X1w
1105 3832 1215 3903 lacitp¹
1288 3834 1322 3887 11
1340 3848 1443 3888 cumae

320 3932 368 3970 eon
384 3917 410 3971 Τ
477 3918 510 3971 12
527 3919 658 3973 omnesl'
718 3919 775 3987 nos]
795 3934 870 3974 noso
939 3919 973 3973 13
990 3919 1089 3988 entem]
1103 3921 1236 3989 ateump
1305 3921 1442 3977 basianum

322 4005 365 4072 Τμ
420 4003 454 4057 15
472 4005 622 4074 exemplap
680 4003 759 4074 apud]
773 4005 857 4074 adpo
921 4006 1096 4076 potueritisp
1154 4007 1188 4060 16
1205 4009 1328 4078 uestrap
1387 4023 1442 4062 mu·

317 4089 421 4142 tatisw
469 4089 503 4145 17
513 4091 541 4143 et
552 4107 638 4144 om.w
684 4090 873 4145 indidemne
916 4092 1114 4146 freuesomo
1159 4091 1441 4164 18semperem.w-

318 4174 442 4229 Scribens
453 4174 590 4230 Celerinus
601 4175 717 4232 Lucieno
729 4177 839 4246 explicit
855 4177 885 4241 Τ,
904 4193 954 4232 oce.
969 4195 1043 4248 φμω.

370 4260 456 4329 Epist.
468 4260 559 4316 VIIII.
578 4293 612 4302 -
629 4261 672 4316 Ad
688 4263 788 4317 clerum
804 4263 837 4318 16
849 4280 955 4318 excessu
972 4264 1089 4334 episcopi
1107 4281 1196 4319 eornm
1213 4265 1243 4332 V,
1262 4266 1364 4336 Incipit
1375 4265 1440 4336 (epi-

318 4347 392 4400 stula
405 4348 531 4418 Cypriani
543 4348 608 4403 odd.
621 4351 673 4414 IT)
686 4349 827 4404 scribentis
837 4349 963 4416 (scribens
973 4352 998 4420 ο)
1009 4350 1107 4405 1161666
1120 4352 1188 4406 clere
1201 4351 1245 4420 (ad
1254 4353 1353 4408 clerum
1367 4353 1399 4414 T)
1409 4351 1440 4406 16

318 4433 450 4488 redieione
472 4434 514 4497 (de
533 4434 681 4489 redditione
694 4435 746 4501 IT,
764 4453 814 4490 oea
829 4437 873 4504 M)
892 4437 1009 4506 episcopi
1026 4437 1112 4492 urbici
1125 4438 1251 4507 (urbicini
1264 4443 1290 4507 o)
1309 4439 1439 4502 EIMoT,

316 4536 366 4573 om.
380 4540 409 4574 e.
423 4521 617 4576 -23esseM
678 4525 785 4576 notaret
802 4521 826 4572 1·
