<?xml version="1.0" encoding="UTF-8"?>
<!DOCTYPE html PUBLIC "-//W3C//DTD XHTML 1.0 Transitional//EN"
    "http://www.w3.org/TR/xhtml1/DTD/xhtml1-transitional.dtd">
<html xmlns="http://www.w3.org/1999/xhtml" xml:lang="en" lang="en">
 <head>
  <title>
</title>
<meta http-equiv="Content-Type" content="text/html;charset=utf-8" />
  <meta name='ocr-system' content='tesseract 3.04.00' />
  <meta name='ocr-capabilities' content='ocr_page ocr_carea ocr_par ocr_line ocrx_word'/>
</head>
<body>
  <div class='ocr_page' id='page_1' title='image "./corpusscriptoru04wiengoog/corpusscriptoru04wiengoog_0467.png"; bbox 0 0 3242 5159; ppageno 0'>
   <div class='ocr_carea' id='block_1_1' title="bbox 434 556 1324 628">
    <p class='ocr_par' dir='ltr' id='par_1_1' title="bbox 434 556 1324 628">
     <span class='ocr_line' id='line_1_1' title="bbox 434 556 1324 628; baseline 0.01 -18"><span class='ocrx_word' id='word_1_1' title='bbox 434 556 634 611; x_wconf 77' lang='lat' dir='ltr'>Sententiae</span> <span class='ocrx_word' id='word_1_2' title='bbox 652 556 885 625; x_wconf 88' lang='lat' dir='ltr'>episcoporum</span> <span class='ocrx_word' id='word_1_3' title='bbox 903 573 947 611; x_wconf 89' lang='lat' dir='ltr'>nr.</span> <span class='ocrx_word' id='word_1_4' title='bbox 967 557 1078 613; x_wconf 79' lang='lat'><strong>52-62.</strong></span> <span class='ocrx_word' id='word_1_5' title='bbox 1252 561 1324 628; x_wconf 84' lang='lat'>455·</span> 
     </span>
    </p>
   </div>
   <div class='ocr_carea' id='block_1_2' title="bbox 519 820 974 899">
    <p class='ocr_par' dir='ltr' id='par_1_2' title="bbox 519 820 974 899">
     <span class='ocr_line' id='line_1_2' title="bbox 519 820 974 899; baseline 0.004 -17"><span class='ocrx_word' id='word_1_6' title='bbox 519 820 661 882; x_wconf 78' lang='lat' dir='ltr'>Iulianus</span> <span class='ocrx_word' id='word_1_7' title='bbox 676 838 696 881; x_wconf 84' lang='lat' dir='ltr'>a</span> <span class='ocrx_word' id='word_1_8' title='bbox 710 820 862 899; x_wconf 74' lang='lat' dir='ltr'>Thelepte</span> <span class='ocrx_word' id='word_1_9' title='bbox 879 822 974 884; x_wconf 91' lang='lat' dir='ltr'>dixit:</span> 
     </span>
    </p>
   </div>
   <div class='ocr_carea' id='block_1_3' title="bbox 189 934 1374 1226">
    <p class='ocr_par' dir='ltr' id='par_1_3' title="bbox 189 934 1374 1226">
     <span class='ocr_line' id='line_1_3' title="bbox 231 934 1374 1023; baseline 0.002 -20"><span class='ocrx_word' id='word_1_10' title='bbox 231 934 388 1019; x_wconf 79' lang='lat' dir='ltr'>Scriptum</span> <span class='ocrx_word' id='word_1_11' title='bbox 403 940 465 1004; x_wconf 93' lang='lat' dir='ltr'>est:</span> <span class='ocrx_word' id='word_1_12' title='bbox 481 954 589 1002; x_wconf 92' lang='lat' dir='ltr'>nemo</span> <span class='ocrx_word' id='word_1_13' title='bbox 610 939 739 1020; x_wconf 87' lang='lat' dir='ltr'>potest</span> <span class='ocrx_word' id='word_1_14' title='bbox 761 938 914 1020; x_wconf 89' lang='lat' dir='ltr'>aliquid</span> <span class='ocrx_word' id='word_1_15' title='bbox 936 940 1125 1023; x_wconf 84' lang='lat' dir='ltr'>accipere,</span> <span class='ocrx_word' id='word_1_16' title='bbox 1149 939 1233 1004; x_wconf 92' lang='lat' dir='ltr'>nisi</span> <span class='ocrx_word' id='word_1_17' title='bbox 1256 941 1319 1006; x_wconf 90' lang='lat' dir='ltr'>da·</span> <span class='ocrx_word' id='word_1_18' title='bbox 1335 954 1374 1017; x_wconf 78' lang='lat'>57</span> 
     </span>
     <span class='ocr_line' id='line_1_4' title="bbox 189 1039 1314 1126; baseline 0.002 -20"><span class='ocrx_word' id='word_1_19' title='bbox 189 1045 269 1106; x_wconf 89' lang='lat' dir='ltr'>tum</span> <span class='ocrx_word' id='word_1_20' title='bbox 291 1041 416 1106; x_wconf 87' lang='lat' dir='ltr'>fuerit</span> <span class='ocrx_word' id='word_1_21' title='bbox 438 1041 503 1105; x_wconf 91' lang='lat' dir='ltr'>illi</span> <span class='ocrx_word' id='word_1_22' title='bbox 525 1039 569 1106; x_wconf 93' lang='lat' dir='ltr'>de</span> <span class='ocrx_word' id='word_1_23' title='bbox 591 1042 707 1106; x_wconf 88' lang='lat' dir='ltr'>eaelo.</span> <span class='ocrx_word' id='word_1_24' title='bbox 732 1042 758 1106; x_wconf 90' lang='lat' dir='ltr'>si</span> <span class='ocrx_word' id='word_1_25' title='bbox 774 1042 910 1108; x_wconf 88' lang='lat' dir='ltr'>haeresis</span> <span class='ocrx_word' id='word_1_26' title='bbox 925 1043 964 1109; x_wconf 90' lang='lat' dir='ltr'>de</span> <span class='ocrx_word' id='word_1_27' title='bbox 979 1043 1063 1110; x_wconf 88' lang='lat' dir='ltr'>eaelo</span> <span class='ocrx_word' id='word_1_28' title='bbox 1079 1046 1141 1122; x_wconf 86' lang='lat' dir='ltr'>est,</span> <span class='ocrx_word' id='word_1_29' title='bbox 1164 1045 1268 1126; x_wconf 90' lang='lat' dir='ltr'>potest</span> <span class='ocrx_word' id='word_1_30' title='bbox 1283 1046 1314 1108; x_wconf 93' lang='lat' dir='ltr'>et</span> 
     </span>
     <span class='ocr_line' id='line_1_5' title="bbox 190 1143 446 1226; baseline 0.008 -19"><span class='ocrx_word' id='word_1_31' title='bbox 190 1143 348 1226; x_wconf 86' lang='lat' dir='ltr'>baptisma</span> <span class='ocrx_word' id='word_1_32' title='bbox 363 1144 446 1210; x_wconf 89' lang='lat' dir='ltr'>dare.</span> 
     </span>
    </p>
   </div>
   <div class='ocr_carea' id='block_1_4' title="bbox 155 1338 1014 1418">
    <p class='ocr_par' dir='ltr' id='par_1_4' title="bbox 155 1338 1014 1418">
     <span class='ocr_line' id='line_1_6' title="bbox 155 1338 1014 1418; baseline 0.007 -22"><span class='ocrx_word' id='word_1_33' title='bbox 155 1359 168 1396; x_wconf 75' lang='lat' dir='ltr'>e</span> <span class='ocrx_word' id='word_1_34' title='bbox 495 1338 629 1400; x_wconf 73' lang='lat' dir='ltr'>Faustus</span> <span class='ocrx_word' id='word_1_35' title='bbox 644 1356 665 1400; x_wconf 80' lang='lat' dir='ltr'>a</span> <span class='ocrx_word' id='word_1_36' title='bbox 679 1339 800 1401; x_wconf 74' lang='lat' dir='ltr'>Timide</span> <span class='ocrx_word' id='word_1_37' title='bbox 815 1340 904 1418; x_wconf 75' lang='lat' dir='ltr'>regie</span> <span class='ocrx_word' id='word_1_38' title='bbox 919 1340 1014 1402; x_wconf 82' lang='lat' dir='ltr'>dixit:</span> 
     </span>
    </p>
   </div>
   <div class='ocr_carea' id='block_1_5' title="bbox 73 1454 1372 1730">
    <p class='ocr_par' dir='ltr' id='par_1_5' title="bbox 73 1454 1372 1730">
     <span class='ocr_line' id='line_1_7' title="bbox 235 1454 1372 1541; baseline 0.002 -21"><span class='ocrx_word' id='word_1_39' title='bbox 235 1455 305 1520; x_wconf 90' lang='lat' dir='ltr'>Non</span> <span class='ocrx_word' id='word_1_40' title='bbox 328 1454 389 1520; x_wconf 88' lang='lat' dir='ltr'>sibi</span> <span class='ocrx_word' id='word_1_41' title='bbox 411 1454 612 1520; x_wconf 86' lang='lat' dir='ltr'>blandiantur</span> <span class='ocrx_word' id='word_1_42' title='bbox 638 1456 692 1538; x_wconf 88' lang='lat' dir='ltr'>qui</span> <span class='ocrx_word' id='word_1_43' title='bbox 719 1456 883 1522; x_wconf 80' lang='lat' dir='ltr'>haereticis</span> <span class='ocrx_word' id='word_1_44' title='bbox 913 1457 1155 1541; x_wconf 86' lang='lat' dir='ltr'>patrocinantur.</span> <span class='ocrx_word' id='word_1_45' title='bbox 1186 1457 1239 1539; x_wconf 89' lang='lat' dir='ltr'>qui</span> <span class='ocrx_word' id='word_1_46' title='bbox 1265 1475 1320 1540; x_wconf 90' lang='lat' dir='ltr'>pro</span> <span class='ocrx_word' id='word_1_47' title='bbox 1332 1467 1372 1530; x_wconf 71' lang='lat'>58</span> 
     </span>
     <span class='ocr_line' id='line_1_8' title="bbox 73 1558 1322 1640; baseline -0.001 -13"><span class='ocrx_word' id='word_1_48' title='bbox 73 1624 75 1627; x_wconf 83' lang='lat'>.</span> <span class='ocrx_word' id='word_1_49' title='bbox 193 1558 356 1625; x_wconf 77' lang='lat' dir='ltr'>haereticis</span> <span class='ocrx_word' id='word_1_50' title='bbox 377 1558 583 1624; x_wconf 86' lang='lat' dir='ltr'>ecclesiastico</span> <span class='ocrx_word' id='word_1_51' title='bbox 608 1558 764 1640; x_wconf 88' lang='lat' dir='ltr'>baptismo</span> <span class='ocrx_word' id='word_1_52' title='bbox 790 1559 957 1626; x_wconf 85' lang='lat' dir='ltr'>intercedit</span> <span class='ocrx_word' id='word_1_53' title='bbox 982 1559 1053 1626; x_wconf 89' lang='lat' dir='ltr'>illos</span> <span class='ocrx_word' id='word_1_54' title='bbox 1079 1559 1263 1626; x_wconf 83' lang='lat' dir='ltr'>christianos</span> <span class='ocrx_word' id='word_1_55' title='bbox 1289 1564 1322 1626; x_wconf 90' lang='lat' dir='ltr'>et</span> 
     </span>
     <span class='ocr_line' id='line_1_9' title="bbox 193 1662 553 1730; baseline -0.003 -2"><span class='ocrx_word' id='word_1_56' title='bbox 193 1683 249 1730; x_wconf 88' lang='lat' dir='ltr'>nos</span> <span class='ocrx_word' id='word_1_57' title='bbox 265 1663 436 1728; x_wconf 89' lang='lat' dir='ltr'>haereticos</span> <span class='ocrx_word' id='word_1_58' title='bbox 451 1662 553 1728; x_wconf 79' lang='lat' dir='ltr'>facit·</span> 
     </span>
    </p>
   </div>
   <div class='ocr_carea' id='block_1_6' title="bbox 545 1856 975 1920">
    <p class='ocr_par' dir='ltr' id='par_1_6' title="bbox 545 1856 975 1920">
     <span class='ocr_line' id='line_1_10' title="bbox 545 1856 975 1920; baseline 0.005 -3"><span class='ocrx_word' id='word_1_59' title='bbox 545 1856 702 1918; x_wconf 77' lang='lat' dir='ltr'>Geminius</span> <span class='ocrx_word' id='word_1_60' title='bbox 718 1875 738 1918; x_wconf 82' lang='lat' dir='ltr'>e</span> <span class='ocrx_word' id='word_1_61' title='bbox 752 1857 865 1919; x_wconf 75' lang='lat' dir='ltr'>Furnio</span> <span class='ocrx_word' id='word_1_62' title='bbox 881 1858 975 1920; x_wconf 85' lang='lat' dir='ltr'>dixit:</span> 
     </span>
    </p>
   </div>
   <div class='ocr_carea' id='block_1_7' title="bbox 157 1972 1373 2264">
    <p class='ocr_par' dir='ltr' id='par_1_7' title="bbox 157 1972 1373 2264">
     <span class='ocr_line' id='line_1_11' title="bbox 157 1972 1373 2061; baseline 0.004 -23"><span class='ocrx_word' id='word_1_63' title='bbox 157 1990 184 2028; x_wconf 75' lang='grc' dir='ltr'>ιο</span> <span class='ocrx_word' id='word_1_64' title='bbox 237 1972 371 2052; x_wconf 81' lang='lat' dir='ltr'>Quidam</span> <span class='ocrx_word' id='word_1_65' title='bbox 391 1974 430 2040; x_wconf 90' lang='lat' dir='ltr'>de</span> <span class='ocrx_word' id='word_1_66' title='bbox 451 1974 579 2060; x_wconf 79' lang='lat' dir='ltr'>collegis</span> <span class='ocrx_word' id='word_1_67' title='bbox 599 1975 768 2041; x_wconf 85' lang='lat' dir='ltr'>haereticos</span> <span class='ocrx_word' id='word_1_68' title='bbox 789 1994 973 2060; x_wconf 83' lang='lat' dir='ltr'>praeponere</span> <span class='ocrx_word' id='word_1_69' title='bbox 990 1976 1050 2042; x_wconf 89' lang='lat' dir='ltr'>sibi</span> <span class='ocrx_word' id='word_1_70' title='bbox 1065 1980 1209 2061; x_wconf 83' lang='lat' dir='ltr'>possunt,</span> <span class='ocrx_word' id='word_1_71' title='bbox 1233 1978 1321 2043; x_wconf 88' lang='lat' dir='ltr'>nobis</span> <span class='ocrx_word' id='word_1_72' title='bbox 1333 1993 1373 2056; x_wconf 70' lang='grc'>59</span> 
     </span>
     <span class='ocr_line' id='line_1_12' title="bbox 193 2078 1322 2161; baseline 0.003 -17"><span class='ocrx_word' id='word_1_73' title='bbox 193 2097 252 2144; x_wconf 90' lang='lat' dir='ltr'>non</span> <span class='ocrx_word' id='word_1_74' title='bbox 274 2081 414 2160; x_wconf 89' lang='lat' dir='ltr'>possunt.</span> <span class='ocrx_word' id='word_1_75' title='bbox 437 2083 469 2144; x_wconf 91' lang='lat' dir='ltr'>et</span> <span class='ocrx_word' id='word_1_76' title='bbox 492 2080 560 2144; x_wconf 93' lang='lat' dir='ltr'>ideo</span> <span class='ocrx_word' id='word_1_77' title='bbox 580 2079 662 2161; x_wconf 90' lang='lat' dir='ltr'>quod</span> <span class='ocrx_word' id='word_1_78' title='bbox 683 2078 779 2144; x_wconf 90' lang='lat' dir='ltr'>semel</span> <span class='ocrx_word' id='word_1_79' title='bbox 795 2080 991 2145; x_wconf 79' lang='lat' dir='ltr'>decredimus</span> <span class='ocrx_word' id='word_1_80' title='bbox 1006 2081 1147 2146; x_wconf 88' lang='lat' dir='ltr'>tenemus</span> <span class='ocrx_word' id='word_1_81' title='bbox 1164 2083 1199 2146; x_wconf 90' lang='lat' dir='ltr'>ut</span> <span class='ocrx_word' id='word_1_82' title='bbox 1214 2080 1322 2148; x_wconf 89' lang='lat' dir='ltr'>haere·</span> 
     </span>
     <span class='ocr_line' id='line_1_13' title="bbox 193 2182 666 2264; baseline 0.004 -20"><span class='ocrx_word' id='word_1_83' title='bbox 193 2182 273 2246; x_wconf 87' lang='lat' dir='ltr'>ticos</span> <span class='ocrx_word' id='word_1_84' title='bbox 288 2183 447 2248; x_wconf 89' lang='lat' dir='ltr'>uenientes</span> <span class='ocrx_word' id='word_1_85' title='bbox 462 2182 666 2264; x_wconf 84' lang='lat' dir='ltr'>baptizemus.</span> 
     </span>
    </p>
   </div>
   <div class='ocr_carea' id='block_1_8' title="bbox 237 2377 1374 2578">
    <p class='ocr_par' dir='ltr' id='par_1_8' title="bbox 237 2377 1374 2578">
     <span class='ocr_line' id='line_1_14' title="bbox 535 2377 982 2456; baseline 0 -17"><span class='ocrx_word' id='word_1_86' title='bbox 535 2377 731 2456; x_wconf 76' lang='lat' dir='ltr'>Rogatianne</span> <span class='ocrx_word' id='word_1_87' title='bbox 747 2378 872 2439; x_wconf 78' lang='lat' dir='ltr'>eddone</span> <span class='ocrx_word' id='word_1_88' title='bbox 886 2378 982 2439; x_wconf 88' lang='lat' dir='ltr'>dixit:</span> 
     </span>
     <span class='ocr_line' id='line_1_15' title="bbox 237 2494 1374 2578; baseline 0.001 -19"><span class='ocrx_word' id='word_1_89' title='bbox 237 2495 410 2560; x_wconf 82' lang='lat' dir='ltr'>Ecclesiam</span> <span class='ocrx_word' id='word_1_90' title='bbox 436 2495 578 2560; x_wconf 84' lang='lat' dir='ltr'>Christus</span> <span class='ocrx_word' id='word_1_91' title='bbox 604 2495 758 2573; x_wconf 87' lang='lat' dir='ltr'>instituit,</span> <span class='ocrx_word' id='word_1_92' title='bbox 793 2496 947 2561; x_wconf 84' lang='lat' dir='ltr'>haeresim</span> <span class='ocrx_word' id='word_1_93' title='bbox 980 2494 1130 2560; x_wconf 88' lang='lat' dir='ltr'>diabolus.</span> <span class='ocrx_word' id='word_1_94' title='bbox 1170 2496 1374 2578; x_wconf 68' lang='lat' dir='ltr'>quomodote</span> 
     </span>
    </p>
   </div>
   <div class='ocr_carea' id='block_1_9' title="bbox 159 2597 1107 2683">
    <p class='ocr_par' dir='ltr' id='par_1_9' title="bbox 159 2597 1107 2683">
     <span class='ocr_line' id='line_1_16' title="bbox 159 2597 1107 2683; baseline 0.011 -29"><span class='ocrx_word' id='word_1_95' title='bbox 159 2616 185 2655; x_wconf 52' lang='grc' dir='ltr'>ιθ</span> <span class='ocrx_word' id='word_1_96' title='bbox 194 2599 297 2680; x_wconf 90' lang='lat' dir='ltr'>potest</span> <span class='ocrx_word' id='word_1_97' title='bbox 312 2597 425 2663; x_wconf 90' lang='lat' dir='ltr'>habere</span> <span class='ocrx_word' id='word_1_98' title='bbox 440 2597 631 2680; x_wconf 88' lang='lat' dir='ltr'>baptismum</span> <span class='ocrx_word' id='word_1_99' title='bbox 649 2597 765 2662; x_wconf 86' lang='lat' dir='ltr'>Christi</span> <span class='ocrx_word' id='word_1_100' title='bbox 780 2616 938 2683; x_wconf 81' lang='lat' dir='ltr'>synagoga</span> <span class='ocrx_word' id='word_1_101' title='bbox 953 2597 1107 2664; x_wconf 78' lang='lat' dir='ltr'>Satanae?</span> 
     </span>
    </p>
   </div>
   <div class='ocr_carea' id='block_1_10' title="bbox 195 2790 1371 3095">
    <p class='ocr_par' dir='ltr' id='par_1_10' title="bbox 195 2790 1371 3095">
     <span class='ocr_line' id='line_1_17' title="bbox 546 2790 972 2869; baseline 0.002 -18"><span class='ocrx_word' id='word_1_102' title='bbox 546 2790 718 2869; x_wconf 76' lang='lat' dir='ltr'>Therapins</span> <span class='ocrx_word' id='word_1_103' title='bbox 733 2809 754 2853; x_wconf 82' lang='lat' dir='ltr'>a</span> <span class='ocrx_word' id='word_1_104' title='bbox 768 2791 860 2852; x_wconf 83' lang='lat' dir='ltr'>Bulla</span> <span class='ocrx_word' id='word_1_105' title='bbox 875 2790 972 2853; x_wconf 84' lang='lat' dir='ltr'>dixit:</span> 
     </span>
     <span class='ocr_line' id='line_1_18' title="bbox 239 2906 1371 2990; baseline 0.006 -18"><span class='ocrx_word' id='word_1_106' title='bbox 239 2906 298 2986; x_wconf 79' lang='lat' dir='ltr'>Qui</span> <span class='ocrx_word' id='word_1_107' title='bbox 324 2908 487 2973; x_wconf 85' lang='lat' dir='ltr'>haereticis</span> <span class='ocrx_word' id='word_1_108' title='bbox 514 2908 659 2974; x_wconf 82' lang='lat' dir='ltr'>ecclesiae</span> <span class='ocrx_word' id='word_1_109' title='bbox 685 2908 876 2990; x_wconf 84' lang='lat' dir='ltr'>baptismum</span> <span class='ocrx_word' id='word_1_110' title='bbox 899 2907 1037 2973; x_wconf 88' lang='lat' dir='ltr'>concedit</span> <span class='ocrx_word' id='word_1_111' title='bbox 1062 2911 1094 2973; x_wconf 89' lang='lat' dir='ltr'>et</span> <span class='ocrx_word' id='word_1_112' title='bbox 1120 2907 1223 2990; x_wconf 88' lang='lat' dir='ltr'>prodit</span> <span class='ocrx_word' id='word_1_113' title='bbox 1248 2907 1371 2990; x_wconf 69' lang='lat' dir='ltr'>quidet</span> 
     </span>
     <span class='ocr_line' id='line_1_19' title="bbox 195 3010 918 3095; baseline -0.001 -18"><span class='ocrx_word' id='word_1_114' title='bbox 195 3011 280 3077; x_wconf 87' lang='lat' dir='ltr'>aliud</span> <span class='ocrx_word' id='word_1_115' title='bbox 297 3030 390 3095; x_wconf 89' lang='lat' dir='ltr'>quam</span> <span class='ocrx_word' id='word_1_116' title='bbox 406 3029 533 3094; x_wconf 84' lang='lat' dir='ltr'>sponsae</span> <span class='ocrx_word' id='word_1_117' title='bbox 549 3010 663 3076; x_wconf 83' lang='lat' dir='ltr'>Christi</span> <span class='ocrx_word' id='word_1_118' title='bbox 680 3011 774 3077; x_wconf 89' lang='lat' dir='ltr'>Iudas</span> <span class='ocrx_word' id='word_1_119' title='bbox 790 3011 918 3077; x_wconf 82' lang='lat' dir='ltr'>extitit?</span> 
     </span>
    </p>
   </div>
   <div class='ocr_carea' id='block_1_11' title="bbox 439 3207 1080 3270">
    <p class='ocr_par' dir='ltr' id='par_1_11' title="bbox 439 3207 1080 3270">
     <span class='ocr_line' id='line_1_20' title="bbox 439 3207 1080 3270; baseline 0.003 -4"><span class='ocrx_word' id='word_1_120' title='bbox 439 3207 521 3268; x_wconf 86' lang='lat' dir='ltr'>Item</span> <span class='ocrx_word' id='word_1_121' title='bbox 536 3207 616 3268; x_wconf 83' lang='lat' dir='ltr'>elius</span> <span class='ocrx_word' id='word_1_122' title='bbox 630 3208 741 3269; x_wconf 81' lang='lat' dir='ltr'>hucine</span> <span class='ocrx_word' id='word_1_123' title='bbox 757 3207 968 3269; x_wconf 78' lang='lat' dir='ltr'>ehtemhreee</span> <span class='ocrx_word' id='word_1_124' title='bbox 984 3207 1080 3270; x_wconf 85' lang='lat' dir='ltr'>dixit:</span> 
     </span>
    </p>
   </div>
   <div class='ocr_carea' id='block_1_12' title="bbox 118 3324 1374 3512">
    <p class='ocr_par' dir='ltr' id='par_1_12' title="bbox 118 3324 1374 3512">
     <span class='ocr_line' id='line_1_21' title="bbox 118 3324 1374 3425; baseline 0.002 -40"><span class='ocrx_word' id='word_1_125' title='bbox 118 3416 121 3425; x_wconf 33' lang='grc' dir='ltr'>Ι</span> <span class='ocrx_word' id='word_1_126' title='bbox 158 3343 188 3385; x_wconf 82' lang='lat' dir='ltr'>eo</span> <span class='ocrx_word' id='word_1_127' title='bbox 239 3324 397 3406; x_wconf 87' lang='lat' dir='ltr'>Scriptum</span> <span class='ocrx_word' id='word_1_128' title='bbox 412 3326 474 3389; x_wconf 88' lang='lat' dir='ltr'>est:</span> <span class='ocrx_word' id='word_1_129' title='bbox 504 3325 966 3406; x_wconf 88' lang='lat' dir='ltr'>Deuspeecatoremnon</span> <span class='ocrx_word' id='word_1_130' title='bbox 995 3325 1115 3391; x_wconf 89' lang='lat' dir='ltr'>audit.</span> <span class='ocrx_word' id='word_1_131' title='bbox 1150 3325 1374 3392; x_wconf 66' lang='lat' dir='ltr'>haereticustt</span> 
     </span>
     <span class='ocr_line' id='line_1_22' title="bbox 197 3428 1120 3512; baseline 0.001 -19"><span class='ocrx_word' id='word_1_132' title='bbox 197 3429 250 3510; x_wconf 86' lang='lat' dir='ltr'>qui</span> <span class='ocrx_word' id='word_1_133' title='bbox 266 3430 408 3512; x_wconf 82' lang='lat' dir='ltr'>peccator</span> <span class='ocrx_word' id='word_1_134' title='bbox 423 3430 471 3492; x_wconf 89' lang='lat' dir='ltr'>est</span> <span class='ocrx_word' id='word_1_135' title='bbox 486 3428 639 3510; x_wconf 90' lang='lat' dir='ltr'>quomodo</span> <span class='ocrx_word' id='word_1_136' title='bbox 654 3430 755 3494; x_wconf 88' lang='lat' dir='ltr'>audiri</span> <span class='ocrx_word' id='word_1_137' title='bbox 771 3429 804 3494; x_wconf 91' lang='lat' dir='ltr'>in</span> <span class='ocrx_word' id='word_1_138' title='bbox 821 3430 980 3512; x_wconf 86' lang='lat' dir='ltr'>baptismo</span> <span class='ocrx_word' id='word_1_139' title='bbox 995 3431 1120 3510; x_wconf 78' lang='lat' dir='ltr'>potest?</span> 
     </span>
    </p>
   </div>
   <div class='ocr_carea' id='block_1_13' title="bbox 298 3650 703 3714">
    <p class='ocr_par' dir='ltr' id='par_1_13' title="bbox 298 3650 703 3714">
     <span class='ocr_line' id='line_1_23' title="bbox 298 3650 703 3714; baseline 0.002 -11"><span class='ocrx_word' id='word_1_140' title='bbox 298 3650 371 3704; x_wconf 80' lang='lat'>210.</span> <span class='ocrx_word' id='word_1_141' title='bbox 384 3651 463 3704; x_wconf 65' lang='grc'>1127.</span> <span class='ocrx_word' id='word_1_142' title='bbox 521 3653 556 3704; x_wconf 77' lang='lat'>‘20</span> <span class='ocrx_word' id='word_1_143' title='bbox 574 3652 612 3713; x_wconf 76' lang='lat'>10,</span> <span class='ocrx_word' id='word_1_144' title='bbox 625 3654 649 3714; x_wconf 84' lang='grc'>9,</span> <span class='ocrx_word' id='word_1_145' title='bbox 661 3653 703 3704; x_wconf 83' lang='lat'>31.</span> 
     </span>
    </p>
   </div>
   <div class='ocr_carea' id='block_1_14' title="bbox 195 3841 1327 4510">
    <p class='ocr_par' dir='ltr' id='par_1_14' title="bbox 195 3841 1327 4510">
     <span class='ocr_line' id='line_1_24' title="bbox 248 3841 1275 3911; baseline 0.002 -16"><span class='ocrx_word' id='word_1_146' title='bbox 248 3843 381 3909; x_wconf 86' lang='lat' dir='ltr'>ltelepte</span> <span class='ocrx_word' id='word_1_147' title='bbox 392 3843 437 3895; x_wconf 86' lang='lat' dir='ltr'>Ae</span> <span class='ocrx_word' id='word_1_148' title='bbox 505 3843 670 3894; x_wconf 68' lang='lat' dir='ltr'>detonari</span> <span class='ocrx_word' id='word_1_149' title='bbox 739 3841 889 3896; x_wconf 85' lang='lat' dir='ltr'>5thimida</span> <span class='ocrx_word' id='word_1_150' title='bbox 902 3842 928 3896; x_wconf 99' lang='lat' dir='ltr'><strong><em>L</em></strong></span> <span class='ocrx_word' id='word_1_151' title='bbox 981 3841 1275 3911; x_wconf 77' lang='lat' dir='ltr'>fipetroneinanturL</span> 
     </span>
     <span class='ocr_line' id='line_1_25' title="bbox 196 3927 1326 3999; baseline 0.003 -18"><span class='ocrx_word' id='word_1_152' title='bbox 196 3929 212 3981; x_wconf 79' lang='lat'><strong>7</strong></span> <span class='ocrx_word' id='word_1_153' title='bbox 230 3929 390 3997; x_wconf 87' lang='lat' dir='ltr'>baptismati</span> <span class='ocrx_word' id='word_1_154' title='bbox 400 3930 452 3982; x_wconf 86' lang='lat' dir='ltr'>Mo</span> <span class='ocrx_word' id='word_1_155' title='bbox 539 3931 567 3981; x_wconf 90' lang='lat' dir='ltr'>et</span> <span class='ocrx_word' id='word_1_156' title='bbox 579 3945 626 3980; x_wconf 88' lang='lat' dir='ltr'>nos</span> <span class='ocrx_word' id='word_1_157' title='bbox 638 3944 688 3981; x_wconf 75' lang='lat' dir='ltr'>ocra</span> <span class='ocrx_word' id='word_1_158' title='bbox 703 3928 739 3991; x_wconf 83' lang='grc' dir='ltr'>Τ,</span> <span class='ocrx_word' id='word_1_159' title='bbox 761 3932 790 3982; x_wconf 89' lang='lat' dir='ltr'>et</span> <span class='ocrx_word' id='word_1_160' title='bbox 801 3944 854 3981; x_wconf 89' lang='lat' dir='ltr'>non</span> <span class='ocrx_word' id='word_1_161' title='bbox 867 3928 905 3982; x_wconf 90' lang='lat' dir='ltr'>L¹</span> <span class='ocrx_word' id='word_1_162' title='bbox 989 3929 1005 3981; x_wconf 87' lang='grc'><strong>9</strong></span> <span class='ocrx_word' id='word_1_163' title='bbox 1024 3927 1174 3996; x_wconf 82' lang='lat' dir='ltr'>gemminus</span> <span class='ocrx_word' id='word_1_164' title='bbox 1189 3929 1225 3992; x_wconf 79' lang='grc' dir='ltr'>Τ,</span> <span class='ocrx_word' id='word_1_165' title='bbox 1242 3929 1326 3999; x_wconf 82' lang='lat' dir='ltr'>genri-</span> 
     </span>
     <span class='ocr_line' id='line_1_26' title="bbox 195 4013 1327 4084; baseline 0 -16"><span class='ocrx_word' id='word_1_166' title='bbox 195 4030 246 4068; x_wconf 87' lang='lat' dir='ltr'>nus</span> <span class='ocrx_word' id='word_1_167' title='bbox 258 4015 294 4069; x_wconf 87' lang='grc' dir='ltr'><em>Μ</em></span> <span class='ocrx_word' id='word_1_168' title='bbox 390 4015 425 4068; x_wconf 87' lang='grc'>10</span> <span class='ocrx_word' id='word_1_169' title='bbox 441 4013 520 4067; x_wconf 87' lang='lat' dir='ltr'>nobis</span> <span class='ocrx_word' id='word_1_170' title='bbox 538 4031 563 4066; x_wconf 87' lang='lat' dir='ltr'>n.</span> <span class='ocrx_word' id='word_1_171' title='bbox 582 4016 694 4081; x_wconf 86' lang='lat' dir='ltr'>possunt</span> <span class='ocrx_word' id='word_1_172' title='bbox 707 4031 756 4067; x_wconf 73' lang='lat' dir='ltr'>ocra</span> <span class='ocrx_word' id='word_1_173' title='bbox 774 4015 798 4066; x_wconf 88' lang='lat' dir='ltr'><em>T</em></span> <span class='ocrx_word' id='word_1_174' title='bbox 882 4015 913 4067; x_wconf 93' lang='lat'>11</span> <span class='ocrx_word' id='word_1_175' title='bbox 934 4015 1066 4084; x_wconf 87' lang='lat' dir='ltr'>tenemus]</span> <span class='ocrx_word' id='word_1_176' title='bbox 1079 4017 1188 4069; x_wconf 85' lang='lat' dir='ltr'>maneat</span> <span class='ocrx_word' id='word_1_177' title='bbox 1200 4014 1327 4070; x_wconf 87' lang='lat' dir='ltr'>uidelicet</span> 
     </span>
     <span class='ocr_line' id='line_1_27' title="bbox 199 4099 1327 4163; baseline 0 -9"><span class='ocrx_word' id='word_1_178' title='bbox 199 4100 280 4154; x_wconf 71' lang='lat' dir='ltr'>reo.</span> <span class='ocrx_word' id='word_1_179' title='bbox 352 4099 564 4163; x_wconf 61' lang='lat' dir='ltr'>haeresiacae:</span> <span class='ocrx_word' id='word_1_180' title='bbox 577 4099 612 4152; x_wconf 87' lang='lat' dir='ltr'>ab</span> <span class='ocrx_word' id='word_1_181' title='bbox 625 4099 855 4154; x_wconf 81' lang='lat' dir='ltr'>haereticisMAu</span> <span class='ocrx_word' id='word_1_182' title='bbox 939 4101 971 4154; x_wconf 87' lang='lat'>14</span> <span class='ocrx_word' id='word_1_183' title='bbox 989 4099 1086 4154; x_wconf 88' lang='lat' dir='ltr'>christi</span> <span class='ocrx_word' id='word_1_184' title='bbox 1099 4101 1126 4154; x_wconf 94' lang='lat' dir='ltr'><strong><em>L</em></strong></span> <span class='ocrx_word' id='word_1_185' title='bbox 1205 4100 1327 4156; x_wconf 84' lang='lat' dir='ltr'>haeresin</span> 
     </span>
     <span class='ocr_line' id='line_1_28' title="bbox 197 4185 1274 4256; baseline 0.002 -16"><span class='ocrx_word' id='word_1_186' title='bbox 197 4185 272 4248; x_wconf 89' lang='lat' dir='ltr'>LM,</span> <span class='ocrx_word' id='word_1_187' title='bbox 291 4186 422 4240; x_wconf 86' lang='lat' dir='ltr'>haeresim</span> <span class='ocrx_word' id='word_1_188' title='bbox 441 4189 531 4239; x_wconf 78' lang='lat' dir='ltr'>autem</span> <span class='ocrx_word' id='word_1_189' title='bbox 548 4187 572 4238; x_wconf 83' lang='grc' dir='ltr'><em>Τ</em></span> <span class='ocrx_word' id='word_1_190' title='bbox 585 4186 634 4239; x_wconf 83' lang='lat' dir='ltr'>sed</span> <span class='ocrx_word' id='word_1_191' title='bbox 646 4190 736 4239; x_wconf 90' lang='lat' dir='ltr'>autem</span> <span class='ocrx_word' id='word_1_192' title='bbox 753 4203 773 4240; x_wconf 88' lang='lat' dir='ltr'>a</span> <span class='ocrx_word' id='word_1_193' title='bbox 790 4187 806 4240; x_wconf 86' lang='lat' dir='ltr'>l.</span> <span class='ocrx_word' id='word_1_194' title='bbox 896 4191 923 4242; x_wconf 89' lang='lat' dir='ltr'>et</span> <span class='ocrx_word' id='word_1_195' title='bbox 935 4186 1065 4256; x_wconf 87' lang='lat' dir='ltr'>quomodo</span> <span class='ocrx_word' id='word_1_196' title='bbox 1080 4187 1161 4242; x_wconf 81' lang='lat' dir='ltr'>Teed</span> <span class='ocrx_word' id='word_1_197' title='bbox 1179 4191 1207 4242; x_wconf 91' lang='lat' dir='ltr'>et</span> <span class='ocrx_word' id='word_1_198' title='bbox 1222 4204 1243 4242; x_wconf 86' lang='lat' dir='ltr'>s.</span> <span class='ocrx_word' id='word_1_199' title='bbox 1257 4189 1274 4242; x_wconf 83' lang='lat' dir='ltr'>t.</span> 
     </span>
     <span class='ocr_line' id='line_1_29' title="bbox 198 4271 1276 4343; baseline 0.005 -19"><span class='ocrx_word' id='word_1_200' title='bbox 198 4273 231 4325; x_wconf 87' lang='lat'>15</span> <span class='ocrx_word' id='word_1_201' title='bbox 249 4288 383 4341; x_wconf 80' lang='lat' dir='ltr'>synagoge</span> <span class='ocrx_word' id='word_1_202' title='bbox 398 4273 433 4326; x_wconf 76' lang='lat'>1¹¹</span> <span class='ocrx_word' id='word_1_203' title='bbox 526 4274 559 4326; x_wconf 89' lang='grc'>16</span> <span class='ocrx_word' id='word_1_204' title='bbox 577 4271 765 4326; x_wconf 79' lang='lat' dir='ltr'>abillaexeb</span> <span class='ocrx_word' id='word_1_205' title='bbox 778 4273 835 4327; x_wconf 83' lang='lat' dir='ltr'>ulla</span> <span class='ocrx_word' id='word_1_206' title='bbox 848 4273 884 4328; x_wconf 88' lang='lat' dir='ltr'><em>M</em></span> <span class='ocrx_word' id='word_1_207' title='bbox 893 4278 955 4328; x_wconf 77' lang='lat' dir='ltr'>ou2</span> <span class='ocrx_word' id='word_1_208' title='bbox 1054 4274 1085 4326; x_wconf 77' lang='lat'>17</span> <span class='ocrx_word' id='word_1_209' title='bbox 1106 4273 1276 4343; x_wconf 86' lang='lat' dir='ltr'>baptismeo</span> 
     </span>
     <span class='ocr_line' id='line_1_30' title="bbox 197 4358 1325 4428; baseline 0.003 -17"><span class='ocrx_word' id='word_1_210' title='bbox 197 4359 231 4411; x_wconf 89' lang='lat'>18</span> <span class='ocrx_word' id='word_1_211' title='bbox 249 4374 344 4426; x_wconf 86' lang='lat' dir='ltr'>sponsa</span> <span class='ocrx_word' id='word_1_212' title='bbox 356 4375 389 4412; x_wconf 79' lang='lat' dir='ltr'>ex</span> <span class='ocrx_word' id='word_1_213' title='bbox 401 4376 495 4428; x_wconf 85' lang='lat' dir='ltr'>sponse</span> <span class='ocrx_word' id='word_1_214' title='bbox 511 4359 536 4412; x_wconf 87' lang='grc' dir='ltr'><em>Τ</em></span> <span class='ocrx_word' id='word_1_215' title='bbox 629 4358 706 4412; x_wconf 84' lang='lat' dir='ltr'>iudas</span> <span class='ocrx_word' id='word_1_216' title='bbox 723 4375 834 4428; x_wconf 88' lang='lat' dir='ltr'>sponsae</span> <span class='ocrx_word' id='word_1_217' title='bbox 846 4359 943 4414; x_wconf 89' lang='lat' dir='ltr'>christi</span> <span class='ocrx_word' id='word_1_218' title='bbox 959 4377 975 4415; x_wconf 86' lang='lat' dir='ltr'>o</span> <span class='ocrx_word' id='word_1_219' title='bbox 1064 4360 1097 4414; x_wconf 88' lang='grc'>19</span> <span class='ocrx_word' id='word_1_220' title='bbox 1114 4360 1276 4414; x_wconf 88' lang='lat' dir='ltr'>membressa</span> <span class='ocrx_word' id='word_1_221' title='bbox 1291 4360 1325 4424; x_wconf 91' lang='lat' dir='ltr'>L,</span> 
     </span>
     <span class='ocr_line' id='line_1_31' title="bbox 196 4444 1002 4510; baseline 0.004 -12"><span class='ocrx_word' id='word_1_222' title='bbox 196 4444 387 4498; x_wconf 85' lang='lat' dir='ltr'>mernbroeaM</span> <span class='ocrx_word' id='word_1_223' title='bbox 436 4446 471 4498; x_wconf 78' lang='lat'>20</span> <span class='ocrx_word' id='word_1_224' title='bbox 488 4444 618 4499; x_wconf 86' lang='lat' dir='ltr'>hereticos</span> <span class='ocrx_word' id='word_1_225' title='bbox 631 4446 672 4508; x_wconf 87' lang='lat' dir='ltr'>M,</span> <span class='ocrx_word' id='word_1_226' title='bbox 686 4448 714 4498; x_wconf 80' lang='lat' dir='ltr'>ot</span> <span class='ocrx_word' id='word_1_227' title='bbox 726 4445 860 4499; x_wconf 87' lang='lat' dir='ltr'>hereticus</span> <span class='ocrx_word' id='word_1_228' title='bbox 877 4447 904 4510; x_wconf 83' lang='grc' dir='ltr'>Τ,</span> <span class='ocrx_word' id='word_1_229' title='bbox 918 4447 1002 4501; x_wconf 71' lang='lat' dir='ltr'>aad</span> 
     </span>
    </p>
   </div>
   <div class='ocr_carea' id='block_1_15' title="bbox 0 0 1626 5159">
    <p class='ocr_par' dir='ltr' id='par_1_15' title="bbox 0 0 1626 5159">
     <span class='ocr_line' id='line_1_32' title="bbox 0 0 1626 5159; baseline 0 1"><span class='ocrx_word' id='word_1_230' title='bbox 0 0 1626 5159; x_wconf 95' lang='lat' dir='ltr'> </span> 
     </span>
    </p>
   </div>
  </div>
 </body>
</html>
