<?xml version="1.0" encoding="UTF-8"?>
<!DOCTYPE html PUBLIC "-//W3C//DTD XHTML 1.0 Transitional//EN"
    "http://www.w3.org/TR/xhtml1/DTD/xhtml1-transitional.dtd">
<html xmlns="http://www.w3.org/1999/xhtml" xml:lang="en" lang="en">
 <head>
  <title>
</title>
<meta http-equiv="Content-Type" content="text/html;charset=utf-8" />
  <meta name='ocr-system' content='tesseract 3.04.00' />
  <meta name='ocr-capabilities' content='ocr_page ocr_carea ocr_par ocr_line ocrx_word'/>
</head>
<body>
  <div class='ocr_page' id='page_1' title='image "./corpusscriptoru04wiengoog/corpusscriptoru04wiengoog_0846.png"; bbox 0 0 3242 5159; ppageno 0'>
   <div class='ocr_carea' id='block_1_1' title="bbox 350 500 1080 575">
    <p class='ocr_par' dir='ltr' id='par_1_1' title="bbox 350 500 1080 575">
     <span class='ocr_line' id='line_1_1' title="bbox 350 500 1080 575; baseline -0.023 -4"><span class='ocrx_word' id='word_1_1' title='bbox 350 505 415 571; x_wconf 86' lang='lat'><strong>814</strong></span> <span class='ocrx_word' id='word_1_2' title='bbox 622 570 623 575; x_wconf 7' lang='grc' dir='ltr'>ἵ</span> <span class='ocrx_word' id='word_1_3' title='bbox 752 500 897 557; x_wconf 74' lang='lat' dir='ltr'><strong>Caecilii</strong></span> <span class='ocrx_word' id='word_1_4' title='bbox 916 500 1080 571; x_wconf 82' lang='lat' dir='ltr'><strong>Cypriani</strong></span> 
     </span>
    </p>
   </div>
   <div class='ocr_carea' id='block_1_2' title="bbox 218 658 1529 3730">
    <p class='ocr_par' dir='ltr' id='par_1_2' title="bbox 347 658 1513 743">
     <span class='ocr_line' id='line_1_2' title="bbox 347 658 1513 743; baseline 0.003 -18"><span class='ocrx_word' id='word_1_5' title='bbox 347 660 405 725; x_wconf 87' lang='lat' dir='ltr'><strong>boc</strong></span> <span class='ocrx_word' id='word_1_6' title='bbox 424 658 485 743; x_wconf 91' lang='lat' dir='ltr'><strong>ipsi</strong></span> <span class='ocrx_word' id='word_1_7' title='bbox 501 658 696 737; x_wconf 76' lang='lat' dir='ltr'><strong>tradiderint,</strong></span> <span class='ocrx_word' id='word_1_8' title='bbox 719 658 773 742; x_wconf 85' lang='lat' dir='ltr'><strong>qui</strong></span> <span class='ocrx_word' id='word_1_9' title='bbox 787 659 820 725; x_wconf 93' lang='lat' dir='ltr'><strong>in</strong></span> <span class='ocrx_word' id='word_1_10' title='bbox 835 658 978 741; x_wconf 85' lang='lat' dir='ltr'><strong>epistolis</strong></span> <span class='ocrx_word' id='word_1_11' title='bbox 992 658 1058 724; x_wconf 90' lang='lat' dir='ltr'><strong>suis</strong></span> <span class='ocrx_word' id='word_1_12' title='bbox 1071 658 1246 723; x_wconf 86' lang='lat' dir='ltr'><strong>haereticos</strong></span> <span class='ocrx_word' id='word_1_13' title='bbox 1265 658 1417 724; x_wconf 77' lang='lat' dir='ltr'><strong>execreb‘</strong></span> <span class='ocrx_word' id='word_1_14' title='bbox 1433 666 1513 728; x_wconf 83' lang='lat' dir='ltr'><strong>sunt</strong></span> 
     </span>
    </p>

    <p class='ocr_par' dir='ltr' id='par_1_3' title="bbox 348 761 1508 844">
     <span class='ocr_line' id='line_1_3' title="bbox 348 761 1508 844; baseline -0.003 -17"><span class='ocrx_word' id='word_1_15' title='bbox 348 765 380 827; x_wconf 93' lang='lat' dir='ltr'><strong>et</strong></span> <span class='ocrx_word' id='word_1_16' title='bbox 401 764 437 828; x_wconf 93' lang='lat' dir='ltr'><strong>nt</strong></span> <span class='ocrx_word' id='word_1_17' title='bbox 457 780 507 829; x_wconf 89' lang='lat' dir='ltr'><strong>eos</strong></span> <span class='ocrx_word' id='word_1_18' title='bbox 528 762 681 829; x_wconf 86' lang='lat' dir='ltr'><strong>enitemns</strong></span> <span class='ocrx_word' id='word_1_19' title='bbox 702 764 897 827; x_wconf 87' lang='lat' dir='ltr'><strong>monuerunt.</strong></span> <span class='ocrx_word' id='word_1_20' title='bbox 925 762 1006 827; x_wconf 91' lang='lat' dir='ltr'><strong>unde</strong></span> <span class='ocrx_word' id='word_1_21' title='bbox 1026 764 1155 844; x_wconf 88' lang='lat' dir='ltr'><strong>apparet</strong></span> <span class='ocrx_word' id='word_1_22' title='bbox 1175 761 1396 827; x_wconf 74' lang='lat' dir='ltr'><strong>traditionem</strong></span> <span class='ocrx_word' id='word_1_23' title='bbox 1420 762 1508 826; x_wconf 83' lang='lat' dir='ltr'><strong>hane</strong></span> 
     </span>
    </p>

    <p class='ocr_par' dir='ltr' id='par_1_4' title="bbox 218 864 1508 1039">
     <span class='ocr_line' id='line_1_4' title="bbox 353 864 1508 948; baseline -0.001 -18"><span class='ocrx_word' id='word_1_24' title='bbox 353 866 521 931; x_wconf 77' lang='lat' dir='ltr'><strong>humanam</strong></span> <span class='ocrx_word' id='word_1_25' title='bbox 541 884 606 931; x_wconf 87' lang='lat' dir='ltr'><strong>esse</strong></span> <span class='ocrx_word' id='word_1_26' title='bbox 627 884 705 948; x_wconf 88' lang='lat' dir='ltr'><strong>quae</strong></span> <span class='ocrx_word' id='word_1_27' title='bbox 719 866 890 931; x_wconf 88' lang='lat' dir='ltr'><strong>haereticos</strong></span> <span class='ocrx_word' id='word_1_28' title='bbox 904 865 1017 931; x_wconf 91' lang='lat' dir='ltr'><strong>asserit</strong></span> <span class='ocrx_word' id='word_1_29' title='bbox 1030 867 1062 928; x_wconf 92' lang='lat' dir='ltr'><strong>et</strong></span> <span class='ocrx_word' id='word_1_30' title='bbox 1076 864 1236 947; x_wconf 89' lang='lat' dir='ltr'><strong>baptisma</strong></span> <span class='ocrx_word' id='word_1_31' title='bbox 1251 864 1341 946; x_wconf 88' lang='lat' dir='ltr'><strong>quod</strong></span> <span class='ocrx_word' id='word_1_32' title='bbox 1358 884 1427 929; x_wconf 93' lang='lat' dir='ltr'><strong>non</strong></span> <span class='ocrx_word' id='word_1_33' title='bbox 1444 866 1508 929; x_wconf 82' lang='lat' dir='ltr'><strong>nisi</strong></span> 
     </span>
     <span class='ocr_line' id='line_1_5' title="bbox 218 966 1029 1039; baseline -0.01 0"><span class='ocrx_word' id='word_1_34' title='bbox 218 1028 221 1039; x_wconf 92' lang='lat'><em>.</em></span> <span class='ocrx_word' id='word_1_35' title='bbox 351 968 448 1033; x_wconf 87' lang='lat' dir='ltr'><strong>solius</strong></span> <span class='ocrx_word' id='word_1_36' title='bbox 464 970 611 1034; x_wconf 88' lang='lat' dir='ltr'><strong>eeclesiae</strong></span> <span class='ocrx_word' id='word_1_37' title='bbox 625 970 674 1033; x_wconf 89' lang='lat' dir='ltr'><strong>est</strong></span> <span class='ocrx_word' id='word_1_38' title='bbox 688 986 738 1035; x_wconf 90' lang='lat' dir='ltr'><strong>ees</strong></span> <span class='ocrx_word' id='word_1_39' title='bbox 753 968 867 1035; x_wconf 88' lang='lat' dir='ltr'><strong>habere</strong></span> <span class='ocrx_word' id='word_1_40' title='bbox 881 966 1029 1032; x_wconf 74' lang='lat' dir='ltr'><strong>defendit.</strong></span> 
     </span>
    </p>

    <p class='ocr_par' dir='ltr' id='par_1_5' title="bbox 318 1069 1529 2909">
     <span class='ocr_line' id='line_1_6' title="bbox 318 1069 1523 1155; baseline -0.002 -18"><span class='ocrx_word' id='word_1_41' title='bbox 318 1082 337 1145; x_wconf 74' lang='grc'><strong>7</strong></span> <span class='ocrx_word' id='word_1_42' title='bbox 394 1070 454 1137; x_wconf 87' lang='lat' dir='ltr'><strong>Sed</strong></span> <span class='ocrx_word' id='word_1_43' title='bbox 468 1072 500 1136; x_wconf 91' lang='lat' dir='ltr'><strong>ot</strong></span> <span class='ocrx_word' id='word_1_44' title='bbox 514 1071 553 1137; x_wconf 90' lang='lat' dir='ltr'><strong>ad</strong></span> <span class='ocrx_word' id='word_1_45' title='bbox 569 1072 659 1137; x_wconf 87' lang='lat' dir='ltr'><strong>illam</strong></span> <span class='ocrx_word' id='word_1_46' title='bbox 679 1074 801 1155; x_wconf 88' lang='lat' dir='ltr'><strong>partem</strong></span> <span class='ocrx_word' id='word_1_47' title='bbox 822 1071 900 1137; x_wconf 89' lang='lat' dir='ltr'><strong>bene</strong></span> <span class='ocrx_word' id='word_1_48' title='bbox 914 1090 934 1136; x_wconf 89' lang='lat' dir='ltr'><strong>a</strong></span> <span class='ocrx_word' id='word_1_49' title='bbox 948 1071 1037 1135; x_wconf 91' lang='lat' dir='ltr'><strong>uobis</strong></span> <span class='ocrx_word' id='word_1_50' title='bbox 1057 1087 1241 1153; x_wconf 89' lang='lat' dir='ltr'><strong>responsum</strong></span> <span class='ocrx_word' id='word_1_51' title='bbox 1260 1071 1325 1147; x_wconf 87' lang='lat' dir='ltr'><strong>est,</strong></span> <span class='ocrx_word' id='word_1_52' title='bbox 1351 1069 1415 1135; x_wconf 90' lang='lat' dir='ltr'><strong>nbi</strong></span> <span class='ocrx_word' id='word_1_53' title='bbox 1429 1070 1523 1135; x_wconf 74' lang='lat' dir='ltr'><strong>Sta-⁵</strong></span> 
     </span>
     <span class='ocr_line' id='line_1_7' title="bbox 351 1174 1501 1259; baseline 0 -20"><span class='ocrx_word' id='word_1_54' title='bbox 351 1174 471 1258; x_wconf 88' lang='lat' dir='ltr'><strong>phanus</strong></span> <span class='ocrx_word' id='word_1_55' title='bbox 486 1176 519 1241; x_wconf 93' lang='lat' dir='ltr'><strong>in</strong></span> <span class='ocrx_word' id='word_1_56' title='bbox 533 1176 665 1259; x_wconf 86' lang='lat' dir='ltr'><strong>epistola</strong></span> <span class='ocrx_word' id='word_1_57' title='bbox 685 1193 742 1241; x_wconf 91' lang='lat' dir='ltr'><strong>sua</strong></span> <span class='ocrx_word' id='word_1_58' title='bbox 761 1175 843 1239; x_wconf 83' lang='lat' dir='ltr'><strong>dixit</strong></span> <span class='ocrx_word' id='word_1_59' title='bbox 856 1174 1027 1240; x_wconf 84' lang='lat' dir='ltr'><strong>haereticos</strong></span> <span class='ocrx_word' id='word_1_60' title='bbox 1042 1191 1162 1255; x_wconf 87' lang='lat' dir='ltr'><strong>quoqne</strong></span> <span class='ocrx_word' id='word_1_61' title='bbox 1176 1174 1261 1255; x_wconf 88' lang='lat' dir='ltr'><strong>ipsos</strong></span> <span class='ocrx_word' id='word_1_62' title='bbox 1277 1174 1316 1238; x_wconf 91' lang='lat' dir='ltr'><strong>in</strong></span> <span class='ocrx_word' id='word_1_63' title='bbox 1331 1174 1501 1255; x_wconf 88' lang='lat' dir='ltr'><strong>baptismo</strong></span> 
     </span>
     <span class='ocr_line' id='line_1_8' title="bbox 351 1275 1502 1361; baseline -0.002 -18"><span class='ocrx_word' id='word_1_64' title='bbox 351 1280 513 1344; x_wconf 89' lang='lat' dir='ltr'><strong>conuenire</strong></span> <span class='ocrx_word' id='word_1_65' title='bbox 528 1280 559 1343; x_wconf 92' lang='lat' dir='ltr'><strong>et</strong></span> <span class='ocrx_word' id='word_1_66' title='bbox 574 1279 656 1361; x_wconf 90' lang='lat' dir='ltr'><strong>quod</strong></span> <span class='ocrx_word' id='word_1_67' title='bbox 677 1278 866 1343; x_wconf 87' lang='lat' dir='ltr'><strong>alterutrum</strong></span> <span class='ocrx_word' id='word_1_68' title='bbox 880 1278 920 1343; x_wconf 91' lang='lat' dir='ltr'><strong>ad</strong></span> <span class='ocrx_word' id='word_1_69' title='bbox 935 1296 969 1341; x_wconf 87' lang='lat' dir='ltr'><strong>se</strong></span> <span class='ocrx_word' id='word_1_70' title='bbox 983 1277 1142 1342; x_wconf 89' lang='lat' dir='ltr'><strong>uenientes</strong></span> <span class='ocrx_word' id='word_1_71' title='bbox 1157 1292 1220 1341; x_wconf 90' lang='lat' dir='ltr'><strong>non</strong></span> <span class='ocrx_word' id='word_1_72' title='bbox 1235 1275 1423 1358; x_wconf 74' lang='lat' dir='ltr'><strong>baptizent,</strong></span> <span class='ocrx_word' id='word_1_73' title='bbox 1445 1276 1502 1341; x_wconf 88' lang='lat' dir='ltr'><strong>sed</strong></span> 
     </span>
     <span class='ocr_line' id='line_1_9' title="bbox 353 1378 1501 1462; baseline -0.003 -16"><span class='ocrx_word' id='word_1_74' title='bbox 353 1381 583 1447; x_wconf 72' lang='lat' dir='ltr'><strong>communicent</strong></span> <span class='ocrx_word' id='word_1_75' title='bbox 603 1382 737 1458; x_wconf 91' lang='lat' dir='ltr'><strong>tantum,</strong></span> <span class='ocrx_word' id='word_1_76' title='bbox 759 1380 849 1462; x_wconf 87' lang='lat' dir='ltr'><strong>quasi</strong></span> <span class='ocrx_word' id='word_1_77' title='bbox 864 1380 896 1444; x_wconf 89' lang='lat' dir='ltr'><strong>et</strong></span> <span class='ocrx_word' id='word_1_78' title='bbox 908 1398 964 1445; x_wconf 92' lang='lat' dir='ltr'><strong>nos</strong></span> <span class='ocrx_word' id='word_1_79' title='bbox 978 1379 1036 1443; x_wconf 90' lang='lat' dir='ltr'><strong>hoo</strong></span> <span class='ocrx_word' id='word_1_80' title='bbox 1049 1378 1150 1459; x_wconf 85' lang='lat' dir='ltr'><strong>facere</strong></span> <span class='ocrx_word' id='word_1_81' title='bbox 1165 1378 1351 1443; x_wconf 86' lang='lat' dir='ltr'><strong>debeamus.</strong></span> <span class='ocrx_word' id='word_1_82' title='bbox 1386 1398 1453 1460; x_wconf 92' lang='lat' dir='ltr'><strong>qno</strong></span> <span class='ocrx_word' id='word_1_83' title='bbox 1467 1379 1501 1443; x_wconf 90' lang='lat' dir='ltr'><strong>in</strong></span> 
     </span>
     <span class='ocr_line' id='line_1_10' title="bbox 351 1482 1500 1566; baseline -0.003 -18"><span class='ocrx_word' id='word_1_84' title='bbox 351 1483 427 1561; x_wconf 90' lang='lat' dir='ltr'><strong>loeo,</strong></span> <span class='ocrx_word' id='word_1_85' title='bbox 443 1484 503 1549; x_wconf 87' lang='lat' dir='ltr'><strong>etsi</strong></span> <span class='ocrx_word' id='word_1_86' title='bbox 519 1502 574 1549; x_wconf 87' lang='lat' dir='ltr'><strong>uos</strong></span> <span class='ocrx_word' id='word_1_87' title='bbox 589 1484 653 1549; x_wconf 89' lang='lat' dir='ltr'><strong>inm</strong></span> <span class='ocrx_word' id='word_1_88' title='bbox 666 1484 822 1566; x_wconf 92' lang='lat' dir='ltr'><strong>probastis</strong></span> <span class='ocrx_word' id='word_1_89' title='bbox 837 1484 915 1549; x_wconf 89' lang='lat' dir='ltr'><strong>satis</strong></span> <span class='ocrx_word' id='word_1_90' title='bbox 929 1482 1099 1549; x_wconf 86' lang='lat' dir='ltr'><strong>ridiculum</strong></span> <span class='ocrx_word' id='word_1_91' title='bbox 1113 1500 1180 1547; x_wconf 86' lang='lat' dir='ltr'><strong>esse</strong></span> <span class='ocrx_word' id='word_1_92' title='bbox 1194 1482 1324 1563; x_wconf 87' lang='lat' dir='ltr'><strong>ntqnis</strong></span> <span class='ocrx_word' id='word_1_93' title='bbox 1340 1485 1500 1564; x_wconf 77' lang='lat' dir='ltr'><strong>sequatur</strong></span> 
     </span>
     <span class='ocr_line' id='line_1_11' title="bbox 351 1585 1529 1665; baseline -0.003 -14"><span class='ocrx_word' id='word_1_94' title='bbox 351 1590 497 1665; x_wconf 83' lang='lat' dir='ltr'><strong>errantes,</strong></span> <span class='ocrx_word' id='word_1_95' title='bbox 520 1586 600 1653; x_wconf 89' lang='lat' dir='ltr'><strong>illud</strong></span> <span class='ocrx_word' id='word_1_96' title='bbox 621 1588 725 1652; x_wconf 85' lang='lat' dir='ltr'><strong>tamen</strong></span> <span class='ocrx_word' id='word_1_97' title='bbox 740 1606 777 1652; x_wconf 84' lang='lat' dir='ltr'><strong>ex</strong></span> <span class='ocrx_word' id='word_1_98' title='bbox 792 1586 964 1652; x_wconf 86' lang='lat' dir='ltr'><strong>abundanti</strong></span> <span class='ocrx_word' id='word_1_99' title='bbox 985 1586 1129 1651; x_wconf 88' lang='lat' dir='ltr'><strong>addimus</strong></span> <span class='ocrx_word' id='word_1_100' title='bbox 1149 1602 1211 1650; x_wconf 91' lang='lat' dir='ltr'><strong>non</strong></span> <span class='ocrx_word' id='word_1_101' title='bbox 1232 1604 1302 1649; x_wconf 86' lang='lat' dir='ltr'><strong>esse</strong></span> <span class='ocrx_word' id='word_1_102' title='bbox 1323 1586 1454 1649; x_wconf 88' lang='lat' dir='ltr'><strong>mirum</strong></span> <span class='ocrx_word' id='word_1_103' title='bbox 1468 1585 1529 1647; x_wconf 74' lang='lat' dir='ltr'><strong>sin</strong></span> 
     </span>
     <span class='ocr_line' id='line_1_12' title="bbox 351 1688 1498 1773; baseline -0.003 -18"><span class='ocrx_word' id='word_1_104' title='bbox 351 1692 397 1755; x_wconf 92' lang='lat' dir='ltr'><strong>sio</strong></span> <span class='ocrx_word' id='word_1_105' title='bbox 412 1690 560 1755; x_wconf 87' lang='lat' dir='ltr'><strong>haeretici</strong></span> <span class='ocrx_word' id='word_1_106' title='bbox 580 1693 686 1773; x_wconf 85' lang='lat' dir='ltr'><strong>agant,</strong></span> <span class='ocrx_word' id='word_1_107' title='bbox 708 1691 762 1773; x_wconf 84' lang='lat' dir='ltr'><strong>qni</strong></span> <span class='ocrx_word' id='word_1_108' title='bbox 778 1692 839 1757; x_wconf 91' lang='lat' dir='ltr'><strong>etsi</strong></span> <span class='ocrx_word' id='word_1_109' title='bbox 852 1690 887 1755; x_wconf 93' lang='lat' dir='ltr'><strong>in</strong></span> <span class='ocrx_word' id='word_1_110' title='bbox 901 1688 1089 1773; x_wconf 86' lang='lat' dir='ltr'><strong>quibusdam</strong></span> <span class='ocrx_word' id='word_1_111' title='bbox 1102 1688 1278 1754; x_wconf 76' lang='lat' dir='ltr'><strong>mineribus</strong></span> <span class='ocrx_word' id='word_1_112' title='bbox 1295 1688 1498 1770; x_wconf 79' lang='lat' dir='ltr'><strong>discrepant,</strong></span> 
     </span>
     <span class='ocr_line' id='line_1_13' title="bbox 351 1792 1499 1876; baseline 0.001 -19"><span class='ocrx_word' id='word_1_113' title='bbox 351 1793 384 1857; x_wconf 92' lang='lat' dir='ltr'><strong>in</strong></span> <span class='ocrx_word' id='word_1_114' title='bbox 407 1812 442 1859; x_wconf 94' lang='lat' dir='ltr'><strong>eo</strong></span> <span class='ocrx_word' id='word_1_115' title='bbox 464 1795 570 1859; x_wconf 63' lang='lat' dir='ltr'><strong>omen</strong></span> <span class='ocrx_word' id='word_1_116' title='bbox 596 1795 677 1876; x_wconf 90' lang='lat' dir='ltr'><strong>qnod</strong></span> <span class='ocrx_word' id='word_1_117' title='bbox 700 1795 748 1859; x_wconf 87' lang='lat' dir='ltr'><strong>eet</strong></span> <span class='ocrx_word' id='word_1_118' title='bbox 770 1794 943 1859; x_wconf 85' lang='lat' dir='ltr'><strong>maximnm</strong></span> <span class='ocrx_word' id='word_1_119' title='bbox 966 1812 1064 1858; x_wconf 92' lang='lat' dir='ltr'><strong>unum</strong></span> <span class='ocrx_word' id='word_1_120' title='bbox 1085 1795 1118 1858; x_wconf 93' lang='lat' dir='ltr'><strong>et</strong></span> <span class='ocrx_word' id='word_1_121' title='bbox 1139 1792 1273 1858; x_wconf 90' lang='lat' dir='ltr'><strong>eundem</strong></span> <span class='ocrx_word' id='word_1_122' title='bbox 1299 1809 1499 1858; x_wconf 82' lang='lat' dir='ltr'><strong>consensum</strong></span> 
     </span>
     <span class='ocr_line' id='line_1_14' title="bbox 352 1895 1498 1980; baseline 0 -21"><span class='ocrx_word' id='word_1_123' title='bbox 352 1896 466 1973; x_wconf 90' lang='lat' dir='ltr'><strong>tenent,</strong></span> <span class='ocrx_word' id='word_1_124' title='bbox 502 1897 538 1960; x_wconf 92' lang='lat' dir='ltr'><strong>ut</strong></span> <span class='ocrx_word' id='word_1_125' title='bbox 567 1895 782 1979; x_wconf 80' lang='lat' dir='ltr'><strong>blasphement</strong></span> <span class='ocrx_word' id='word_1_126' title='bbox 811 1900 990 1974; x_wconf 86' lang='lat' dir='ltr'><strong>createrem,</strong></span> <span class='ocrx_word' id='word_1_127' title='bbox 1025 1896 1177 1980; x_wconf 85' lang='lat' dir='ltr'><strong>quaedam</strong></span> <span class='ocrx_word' id='word_1_128' title='bbox 1206 1896 1333 1961; x_wconf 87' lang='lat' dir='ltr'><strong>somnia</strong></span> <span class='ocrx_word' id='word_1_129' title='bbox 1363 1896 1434 1962; x_wconf 89' lang='lat' dir='ltr'><strong>sibi</strong></span> <span class='ocrx_word' id='word_1_130' title='bbox 1466 1901 1498 1960; x_wconf 87' lang='lat' dir='ltr'><strong>et</strong></span> 
     </span>
     <span class='ocr_line' id='line_1_15' title="bbox 353 1997 1498 2083; baseline 0.001 -21"><span class='ocrx_word' id='word_1_131' title='bbox 353 1997 505 2065; x_wconf 80' lang='lat' dir='ltr'><strong>fantasma</strong></span> <span class='ocrx_word' id='word_1_132' title='bbox 526 1999 627 2083; x_wconf 84' lang='lat' dir='ltr'><strong>ignoti</strong></span> <span class='ocrx_word' id='word_1_133' title='bbox 642 2000 701 2065; x_wconf 90' lang='lat' dir='ltr'><strong>Dei</strong></span> <span class='ocrx_word' id='word_1_134' title='bbox 723 2000 939 2083; x_wconf 84' lang='lat' dir='ltr'><strong>confingentes,</strong></span> <span class='ocrx_word' id='word_1_135' title='bbox 961 2016 1022 2082; x_wconf 84' lang='lat' dir='ltr'><strong>qno</strong></span> <span class='ocrx_word' id='word_1_136' title='bbox 1042 2000 1150 2082; x_wconf 89' lang='lat' dir='ltr'><strong>ntique</strong></span> <span class='ocrx_word' id='word_1_137' title='bbox 1169 2016 1366 2080; x_wconf 84' lang='lat' dir='ltr'><strong>consequeus</strong></span> <span class='ocrx_word' id='word_1_138' title='bbox 1383 2002 1438 2063; x_wconf 75' lang='lat' dir='ltr'><strong>est</strong></span> <span class='ocrx_word' id='word_1_139' title='bbox 1451 1999 1498 2063; x_wconf 88' lang='lat' dir='ltr'><strong>sic</strong></span> 
     </span>
     <span class='ocr_line' id='line_1_16' title="bbox 352 2101 1528 2184; baseline -0.003 -15"><span class='ocrx_word' id='word_1_140' title='bbox 352 2102 524 2169; x_wconf 87' lang='lat' dir='ltr'><strong>consentire</strong></span> <span class='ocrx_word' id='word_1_141' title='bbox 545 2103 578 2167; x_wconf 93' lang='lat' dir='ltr'><strong>in</strong></span> <span class='ocrx_word' id='word_1_142' title='bbox 594 2102 741 2184; x_wconf 88' lang='lat' dir='ltr'><strong>baptismi</strong></span> <span class='ocrx_word' id='word_1_143' title='bbox 762 2101 811 2169; x_wconf 88' lang='lat' dir='ltr'><strong>sui</strong></span> <span class='ocrx_word' id='word_1_144' title='bbox 826 2102 966 2168; x_wconf 89' lang='lat' dir='ltr'><strong>uanitate</strong></span> <span class='ocrx_word' id='word_1_145' title='bbox 981 2104 1018 2169; x_wconf 93' lang='lat' dir='ltr'><strong>ut</strong></span> <span class='ocrx_word' id='word_1_146' title='bbox 1032 2101 1228 2167; x_wconf 88' lang='lat' dir='ltr'><strong>consentiunt</strong></span> <span class='ocrx_word' id='word_1_147' title='bbox 1241 2102 1276 2165; x_wconf 89' lang='lat' dir='ltr'><strong>in</strong></span> <span class='ocrx_word' id='word_1_148' title='bbox 1289 2102 1528 2183; x_wconf 75' lang='lat' dir='ltr'><strong>repudiandas</strong></span> 
     </span>
     <span class='ocr_line' id='line_1_17' title="bbox 353 2204 1499 2289; baseline -0.003 -19"><span class='ocrx_word' id='word_1_149' title='bbox 353 2206 530 2272; x_wconf 83' lang='lat' dir='ltr'><strong>diuinitatis</strong></span> <span class='ocrx_word' id='word_1_150' title='bbox 552 2206 695 2271; x_wconf 83' lang='lat' dir='ltr'><strong>ueritate.</strong></span> <span class='ocrx_word' id='word_1_151' title='bbox 722 2206 760 2271; x_wconf 90' lang='lat' dir='ltr'><strong>de</strong></span> <span class='ocrx_word' id='word_1_152' title='bbox 781 2206 895 2287; x_wconf 91' lang='lat' dir='ltr'><strong>quibus</strong></span> <span class='ocrx_word' id='word_1_153' title='bbox 916 2204 1061 2287; x_wconf 87' lang='lat' dir='ltr'><strong>quoniam</strong></span> <span class='ocrx_word' id='word_1_154' title='bbox 1082 2204 1212 2287; x_wconf 84' lang='lat' dir='ltr'><strong>longum</strong></span> <span class='ocrx_word' id='word_1_155' title='bbox 1232 2204 1281 2268; x_wconf 91' lang='lat' dir='ltr'><strong>est</strong></span> <span class='ocrx_word' id='word_1_156' title='bbox 1303 2204 1348 2268; x_wconf 88' lang='lat' dir='ltr'><strong>ad</strong></span> <span class='ocrx_word' id='word_1_157' title='bbox 1364 2204 1499 2289; x_wconf 81' lang='lat' dir='ltr'><strong>singola</strong></span> 
     </span>
     <span class='ocr_line' id='line_1_18' title="bbox 351 2306 1499 2393; baseline -0.002 -20"><span class='ocrx_word' id='word_1_158' title='bbox 351 2326 458 2373; x_wconf 90' lang='lat' dir='ltr'><strong>eorum</strong></span> <span class='ocrx_word' id='word_1_159' title='bbox 479 2309 530 2374; x_wconf 91' lang='lat' dir='ltr'><strong>uel</strong></span> <span class='ocrx_word' id='word_1_160' title='bbox 551 2308 683 2375; x_wconf 87' lang='lat' dir='ltr'><strong>scelesta</strong></span> <span class='ocrx_word' id='word_1_161' title='bbox 703 2309 754 2375; x_wconf 88' lang='lat' dir='ltr'><strong>uel</strong></span> <span class='ocrx_word' id='word_1_162' title='bbox 769 2327 960 2393; x_wconf 86' lang='lat' dir='ltr'><strong>superuacua</strong></span> <span class='ocrx_word' id='word_1_163' title='bbox 973 2307 1166 2391; x_wconf 87' lang='lat' dir='ltr'><strong>respondere,</strong></span> <span class='ocrx_word' id='word_1_164' title='bbox 1187 2306 1264 2371; x_wconf 82' lang='lat' dir='ltr'><strong>satis</strong></span> <span class='ocrx_word' id='word_1_165' title='bbox 1280 2308 1334 2371; x_wconf 76' lang='lat' dir='ltr'><strong>est</strong></span> <span class='ocrx_word' id='word_1_166' title='bbox 1348 2307 1499 2372; x_wconf 87' lang='lat' dir='ltr'><strong>breuiter</strong></span> 
     </span>
     <span class='ocr_line' id='line_1_19' title="bbox 353 2408 1497 2493; baseline -0.001 -18"><span class='ocrx_word' id='word_1_167' title='bbox 353 2412 433 2475; x_wconf 89' lang='lat' dir='ltr'><strong>illud</strong></span> <span class='ocrx_word' id='word_1_168' title='bbox 454 2411 486 2475; x_wconf 91' lang='lat' dir='ltr'><strong>in</strong></span> <span class='ocrx_word' id='word_1_169' title='bbox 501 2412 669 2493; x_wconf 87' lang='lat' dir='ltr'><strong>conpendio</strong></span> <span class='ocrx_word' id='word_1_170' title='bbox 691 2412 791 2477; x_wconf 86' lang='lat' dir='ltr'><strong>dicere</strong></span> <span class='ocrx_word' id='word_1_171' title='bbox 812 2430 864 2477; x_wconf 87' lang='lat' dir='ltr'><strong>eos</strong></span> <span class='ocrx_word' id='word_1_172' title='bbox 884 2412 938 2493; x_wconf 84' lang='lat' dir='ltr'><strong>qrri</strong></span> <span class='ocrx_word' id='word_1_173' title='bbox 958 2428 1020 2476; x_wconf 93' lang='lat' dir='ltr'><strong>non</strong></span> <span class='ocrx_word' id='word_1_174' title='bbox 1040 2411 1165 2474; x_wconf 89' lang='lat' dir='ltr'><strong>teneant</strong></span> <span class='ocrx_word' id='word_1_175' title='bbox 1185 2427 1297 2472; x_wconf 90' lang='lat' dir='ltr'><strong>nerum</strong></span> <span class='ocrx_word' id='word_1_176' title='bbox 1313 2408 1497 2474; x_wconf 89' lang='lat' dir='ltr'><strong>Dominum</strong></span> 
     </span>
     <span class='ocr_line' id='line_1_20' title="bbox 354 2510 1494 2598; baseline -0.002 -19"><span class='ocrx_word' id='word_1_177' title='bbox 354 2516 474 2597; x_wconf 86' lang='lat' dir='ltr'><strong>patrem</strong></span> <span class='ocrx_word' id='word_1_178' title='bbox 496 2517 600 2581; x_wconf 90' lang='lat' dir='ltr'><strong>tenere</strong></span> <span class='ocrx_word' id='word_1_179' title='bbox 622 2534 682 2580; x_wconf 95' lang='lat' dir='ltr'><strong>non</strong></span> <span class='ocrx_word' id='word_1_180' title='bbox 705 2532 793 2598; x_wconf 89' lang='lat' dir='ltr'><strong>pesse</strong></span> <span class='ocrx_word' id='word_1_181' title='bbox 814 2534 871 2581; x_wconf 91' lang='lat' dir='ltr'><strong>neo</strong></span> <span class='ocrx_word' id='word_1_182' title='bbox 890 2514 949 2579; x_wconf 88' lang='lat' dir='ltr'><strong>filii</strong></span> <span class='ocrx_word' id='word_1_183' title='bbox 968 2532 1025 2579; x_wconf 88' lang='lat' dir='ltr'><strong>neo</strong></span> <span class='ocrx_word' id='word_1_184' title='bbox 1042 2512 1170 2595; x_wconf 87' lang='lat' dir='ltr'><strong>spiritns</strong></span> <span class='ocrx_word' id='word_1_185' title='bbox 1185 2510 1288 2576; x_wconf 91' lang='lat' dir='ltr'><strong>sancti</strong></span> <span class='ocrx_word' id='word_1_186' title='bbox 1302 2513 1494 2587; x_wconf 83' lang='lat' dir='ltr'><strong>ueritatem,</strong></span> 
     </span>
     <span class='ocr_line' id='line_1_21' title="bbox 352 2614 1527 2701; baseline -0.003 -20"><span class='ocrx_word' id='word_1_187' title='bbox 352 2618 521 2683; x_wconf 87' lang='lat' dir='ltr'><strong>seeundum</strong></span> <span class='ocrx_word' id='word_1_188' title='bbox 542 2618 624 2701; x_wconf 90' lang='lat' dir='ltr'><strong>quod</strong></span> <span class='ocrx_word' id='word_1_189' title='bbox 645 2619 740 2683; x_wconf 89' lang='lat' dir='ltr'><strong>etiam</strong></span> <span class='ocrx_word' id='word_1_190' title='bbox 761 2616 810 2683; x_wconf 89' lang='lat' dir='ltr'><strong>illi</strong></span> <span class='ocrx_word' id='word_1_191' title='bbox 826 2618 881 2699; x_wconf 87' lang='lat' dir='ltr'><strong>qui</strong></span> <span class='ocrx_word' id='word_1_192' title='bbox 895 2616 1107 2700; x_wconf 81' lang='lat' dir='ltr'><strong>Cataphryges</strong></span> <span class='ocrx_word' id='word_1_193' title='bbox 1123 2614 1324 2698; x_wconf 84' lang='lat' dir='ltr'><strong>appellantur</strong></span> <span class='ocrx_word' id='word_1_194' title='bbox 1339 2618 1375 2680; x_wconf 91' lang='lat' dir='ltr'><strong>et</strong></span> <span class='ocrx_word' id='word_1_195' title='bbox 1390 2635 1527 2681; x_wconf 77' lang='lat' dir='ltr'><strong>nonasa</strong></span> 
     </span>
     <span class='ocr_line' id='line_1_22' title="bbox 355 2716 1495 2804; baseline 0 -21"><span class='ocrx_word' id='word_1_196' title='bbox 355 2720 532 2802; x_wconf 87' lang='lat' dir='ltr'><strong>prophetias</strong></span> <span class='ocrx_word' id='word_1_197' title='bbox 558 2738 706 2804; x_wconf 84' lang='lat' dir='ltr'><strong>usurpare</strong></span> <span class='ocrx_word' id='word_1_198' title='bbox 732 2722 880 2785; x_wconf 89' lang='lat' dir='ltr'><strong>conantur</strong></span> <span class='ocrx_word' id='word_1_199' title='bbox 905 2738 961 2785; x_wconf 90' lang='lat' dir='ltr'><strong>nec</strong></span> <span class='ocrx_word' id='word_1_200' title='bbox 987 2721 1108 2801; x_wconf 88' lang='lat' dir='ltr'><strong>patrem</strong></span> <span class='ocrx_word' id='word_1_201' title='bbox 1133 2718 1264 2799; x_wconf 85' lang='lat' dir='ltr'><strong>pessunt</strong></span> <span class='ocrx_word' id='word_1_202' title='bbox 1289 2716 1415 2784; x_wconf 84' lang='lat' dir='ltr'><strong>babere</strong></span> <span class='ocrx_word' id='word_1_203' title='bbox 1437 2738 1495 2783; x_wconf 88' lang='lat' dir='ltr'><strong>noe</strong></span> 
     </span>
     <span class='ocr_line' id='line_1_23' title="bbox 352 2820 1494 2909; baseline -0.001 -22"><span class='ocrx_word' id='word_1_204' title='bbox 352 2824 455 2889; x_wconf 87' lang='lat' dir='ltr'><strong>filium</strong></span> <span class='ocrx_word' id='word_1_205' title='bbox 475 2824 548 2906; x_wconf 89' lang='lat' dir='ltr'><strong>quia</strong></span> <span class='ocrx_word' id='word_1_206' title='bbox 569 2842 625 2889; x_wconf 85' lang='lat' dir='ltr'><strong>nec</strong></span> <span class='ocrx_word' id='word_1_207' title='bbox 639 2824 785 2909; x_wconf 86' lang='lat' dir='ltr'><strong>spiritum</strong></span> <span class='ocrx_word' id='word_1_208' title='bbox 800 2824 959 2888; x_wconf 89' lang='lat' dir='ltr'><strong>sanctum:</strong></span> <span class='ocrx_word' id='word_1_209' title='bbox 982 2822 1128 2903; x_wconf 86' lang='lat' dir='ltr'><strong>aquibus</strong></span> <span class='ocrx_word' id='word_1_210' title='bbox 1142 2820 1169 2885; x_wconf 91' lang='lat' dir='ltr'><strong>si</strong></span> <span class='ocrx_word' id='word_1_211' title='bbox 1185 2840 1377 2904; x_wconf 86' lang='lat' dir='ltr'><strong>quaeramus</strong></span> <span class='ocrx_word' id='word_1_212' title='bbox 1394 2842 1494 2904; x_wconf 88' lang='lat' dir='ltr'><strong>quom</strong></span> 
     </span>
    </p>

    <p class='ocr_par' dir='ltr' id='par_1_6' title="bbox 261 2924 1521 3730">
     <span class='ocr_line' id='line_1_24' title="bbox 261 2924 1494 3009; baseline -0.002 -18"><span class='ocrx_word' id='word_1_213' title='bbox 261 2964 272 2981; x_wconf 83' lang='lat'><strong>·</strong></span> <span class='ocrx_word' id='word_1_214' title='bbox 352 2926 512 2993; x_wconf 87' lang='lat' dir='ltr'><strong>Christum</strong></span> <span class='ocrx_word' id='word_1_215' title='bbox 526 2928 711 3009; x_wconf 86' lang='lat' dir='ltr'><strong>praedicent,</strong></span> <span class='ocrx_word' id='word_1_216' title='bbox 726 2925 953 3009; x_wconf 84' lang='lat' dir='ltr'><strong>respondebunt</strong></span> <span class='ocrx_word' id='word_1_217' title='bbox 968 2944 1039 2989; x_wconf 90' lang='lat' dir='ltr'><strong>eum</strong></span> <span class='ocrx_word' id='word_1_218' title='bbox 1050 2944 1083 2989; x_wconf 91' lang='lat' dir='ltr'><strong>se</strong></span> <span class='ocrx_word' id='word_1_219' title='bbox 1096 2924 1274 3007; x_wconf 84' lang='lat' dir='ltr'><strong>praedicare</strong></span> <span class='ocrx_word' id='word_1_220' title='bbox 1289 2924 1347 3005; x_wconf 87' lang='lat' dir='ltr'><strong>qni</strong></span> <span class='ocrx_word' id='word_1_221' title='bbox 1362 2926 1494 2990; x_wconf 86' lang='lat' dir='ltr'><strong>miserit</strong></span> 
     </span>
     <span class='ocr_line' id='line_1_25' title="bbox 353 3026 1493 3112; baseline -0.002 -19"><span class='ocrx_word' id='word_1_222' title='bbox 353 3030 501 3111; x_wconf 88' lang='lat' dir='ltr'><strong>spiritum</strong></span> <span class='ocrx_word' id='word_1_223' title='bbox 526 3048 580 3112; x_wconf 92' lang='lat' dir='ltr'><strong>per</strong></span> <span class='ocrx_word' id='word_1_224' title='bbox 605 3030 788 3094; x_wconf 88' lang='lat' dir='ltr'><strong>Montanum</strong></span> <span class='ocrx_word' id='word_1_225' title='bbox 813 3030 846 3093; x_wconf 91' lang='lat' dir='ltr'><strong>et</strong></span> <span class='ocrx_word' id='word_1_226' title='bbox 871 3028 1012 3095; x_wconf 89' lang='lat' dir='ltr'><strong>Priscam</strong></span> <span class='ocrx_word' id='word_1_227' title='bbox 1037 3027 1185 3093; x_wconf 89' lang='lat' dir='ltr'><strong>locutum.</strong></span> <span class='ocrx_word' id='word_1_228' title='bbox 1212 3027 1247 3091; x_wconf 91' lang='lat' dir='ltr'><strong>in</strong></span> <span class='ocrx_word' id='word_1_229' title='bbox 1272 3026 1391 3108; x_wconf 80' lang='lat' dir='ltr'><strong>qiuibns</strong></span> <span class='ocrx_word' id='word_1_230' title='bbox 1419 3047 1493 3091; x_wconf 86' lang='lat' dir='ltr'><strong>curn</strong></span> 
     </span>
     <span class='ocr_line' id='line_1_26' title="bbox 352 3129 1521 3214; baseline -0.006 -18"><span class='ocrx_word' id='word_1_231' title='bbox 352 3132 637 3197; x_wconf 84' lang='lat' dir='ltr'><strong>animaduertemua</strong></span> <span class='ocrx_word' id='word_1_232' title='bbox 651 3150 711 3197; x_wconf 89' lang='lat' dir='ltr'><strong>non</strong></span> <span class='ocrx_word' id='word_1_233' title='bbox 726 3132 870 3198; x_wconf 88' lang='lat' dir='ltr'><strong>ueritatis</strong></span> <span class='ocrx_word' id='word_1_234' title='bbox 884 3132 1031 3214; x_wconf 90' lang='lat' dir='ltr'><strong>spiritum</strong></span> <span class='ocrx_word' id='word_1_235' title='bbox 1046 3130 1101 3195; x_wconf 91' lang='lat' dir='ltr'><strong>sed</strong></span> <span class='ocrx_word' id='word_1_236' title='bbox 1114 3130 1227 3195; x_wconf 88' lang='lat' dir='ltr'><strong>erroris</strong></span> <span class='ocrx_word' id='word_1_237' title='bbox 1242 3129 1351 3212; x_wconf 85' lang='lat' dir='ltr'><strong>fuisse,</strong></span> <span class='ocrx_word' id='word_1_238' title='bbox 1368 3148 1488 3214; x_wconf 85' lang='lat' dir='ltr'><strong>cogno-</strong></span> <span class='ocrx_word' id='word_1_239' title='bbox 1497 3151 1521 3188; x_wconf 73' lang='lat' dir='ltr'><strong>a</strong></span> 
     </span>
     <span class='ocr_line' id='line_1_27' title="bbox 352 3230 1491 3317; baseline -0.004 -17"><span class='ocrx_word' id='word_1_240' title='bbox 352 3236 469 3301; x_wconf 86' lang='lat' dir='ltr'><strong>scimus</strong></span> <span class='ocrx_word' id='word_1_241' title='bbox 491 3251 541 3301; x_wconf 89' lang='lat' dir='ltr'><strong>eos</strong></span> <span class='ocrx_word' id='word_1_242' title='bbox 564 3235 617 3316; x_wconf 90' lang='lat' dir='ltr'><strong>qni</strong></span> <span class='ocrx_word' id='word_1_243' title='bbox 639 3234 749 3299; x_wconf 79' lang='lat' dir='ltr'><strong>falsam</strong></span> <span class='ocrx_word' id='word_1_244' title='bbox 770 3234 896 3300; x_wconf 84' lang='lat' dir='ltr'><strong>illorum</strong></span> <span class='ocrx_word' id='word_1_245' title='bbox 918 3234 1112 3317; x_wconf 89' lang='lat' dir='ltr'><strong>prophetiam</strong></span> <span class='ocrx_word' id='word_1_246' title='bbox 1132 3234 1240 3297; x_wconf 85' lang='lat' dir='ltr'><strong>eontra</strong></span> <span class='ocrx_word' id='word_1_247' title='bbox 1254 3230 1376 3297; x_wconf 79' lang='lat' dir='ltr'><strong>Christi</strong></span> <span class='ocrx_word' id='word_1_248' title='bbox 1392 3232 1491 3296; x_wconf 87' lang='lat' dir='ltr'><strong>fidem</strong></span> 
     </span>
     <span class='ocr_line' id='line_1_28' title="bbox 355 3334 1491 3419; baseline -0.004 -15"><span class='ocrx_word' id='word_1_249' title='bbox 355 3338 515 3404; x_wconf 86' lang='lat' dir='ltr'><strong>uindicant</strong></span> <span class='ocrx_word' id='word_1_250' title='bbox 527 3337 685 3403; x_wconf 87' lang='lat' dir='ltr'><strong>Christum</strong></span> <span class='ocrx_word' id='word_1_251' title='bbox 701 3337 814 3402; x_wconf 86' lang='lat' dir='ltr'><strong>habere</strong></span> <span class='ocrx_word' id='word_1_252' title='bbox 827 3356 888 3403; x_wconf 93' lang='lat' dir='ltr'><strong>non</strong></span> <span class='ocrx_word' id='word_1_253' title='bbox 903 3355 999 3419; x_wconf 89' lang='lat' dir='ltr'><strong>posse.</strong></span> <span class='ocrx_word' id='word_1_254' title='bbox 1016 3337 1070 3401; x_wconf 91' lang='lat' dir='ltr'><strong>sed</strong></span> <span class='ocrx_word' id='word_1_255' title='bbox 1085 3337 1118 3400; x_wconf 92' lang='lat' dir='ltr'><strong>et</strong></span> <span class='ocrx_word' id='word_1_256' title='bbox 1132 3334 1227 3401; x_wconf 61' lang='lat' dir='ltr'><strong>cebri</strong></span> <span class='ocrx_word' id='word_1_257' title='bbox 1244 3335 1363 3415; x_wconf 88' lang='lat' dir='ltr'><strong>quique</strong></span> <span class='ocrx_word' id='word_1_258' title='bbox 1376 3335 1491 3399; x_wconf 84' lang='lat' dir='ltr'><strong>haere-</strong></span> 
     </span>
     <span class='ocr_line' id='line_1_29' title="bbox 355 3438 1490 3522; baseline -0.004 -15"><span class='ocrx_word' id='word_1_259' title='bbox 355 3442 419 3522; x_wconf 90' lang='lat' dir='ltr'><strong>tiei,</strong></span> <span class='ocrx_word' id='word_1_260' title='bbox 445 3444 472 3507; x_wconf 88' lang='lat' dir='ltr'><strong>si</strong></span> <span class='ocrx_word' id='word_1_261' title='bbox 487 3460 519 3505; x_wconf 86' lang='lat' dir='ltr'><strong>se</strong></span> <span class='ocrx_word' id='word_1_262' title='bbox 535 3441 573 3506; x_wconf 87' lang='lat' dir='ltr'><strong>ab</strong></span> <span class='ocrx_word' id='word_1_263' title='bbox 593 3442 721 3507; x_wconf 85' lang='lat' dir='ltr'><strong>ecclesie</strong></span> <span class='ocrx_word' id='word_1_264' title='bbox 735 3441 793 3506; x_wconf 91' lang='lat' dir='ltr'><strong>Dei</strong></span> <span class='ocrx_word' id='word_1_265' title='bbox 816 3441 974 3518; x_wconf 85' lang='lat' dir='ltr'><strong>sciderint,</strong></span> <span class='ocrx_word' id='word_1_266' title='bbox 1000 3439 1080 3505; x_wconf 90' lang='lat' dir='ltr'><strong>nihil</strong></span> <span class='ocrx_word' id='word_1_267' title='bbox 1103 3438 1215 3503; x_wconf 88' lang='lat' dir='ltr'><strong>habore</strong></span> <span class='ocrx_word' id='word_1_268' title='bbox 1238 3438 1410 3519; x_wconf 87' lang='lat' dir='ltr'><strong>potestatis</strong></span> <span class='ocrx_word' id='word_1_269' title='bbox 1434 3451 1490 3503; x_wconf 83' lang='lat' dir='ltr'><strong>aut</strong></span> 
     </span>
     <span class='ocr_line' id='line_1_30' title="bbox 352 3541 1486 3629; baseline -0.003 -20"><span class='ocrx_word' id='word_1_270' title='bbox 352 3544 475 3629; x_wconf 79' lang='lat' dir='ltr'><strong>gratiae</strong></span> <span class='ocrx_word' id='word_1_271' title='bbox 489 3546 626 3626; x_wconf 88' lang='lat' dir='ltr'><strong>possunt,</strong></span> <span class='ocrx_word' id='word_1_272' title='bbox 643 3544 764 3626; x_wconf 89' lang='lat' dir='ltr'><strong>qnando</strong></span> <span class='ocrx_word' id='word_1_273' title='bbox 779 3544 879 3609; x_wconf 89' lang='lat' dir='ltr'><strong>omnis</strong></span> <span class='ocrx_word' id='word_1_274' title='bbox 893 3545 1031 3625; x_wconf 85' lang='lat' dir='ltr'><strong>potestas</strong></span> <span class='ocrx_word' id='word_1_275' title='bbox 1046 3543 1078 3608; x_wconf 90' lang='lat' dir='ltr'><strong>et</strong></span> <span class='ocrx_word' id='word_1_276' title='bbox 1092 3542 1197 3627; x_wconf 82' lang='lat' dir='ltr'><strong>gratie</strong></span> <span class='ocrx_word' id='word_1_277' title='bbox 1211 3541 1243 3605; x_wconf 89' lang='lat' dir='ltr'><strong>in</strong></span> <span class='ocrx_word' id='word_1_278' title='bbox 1261 3541 1395 3605; x_wconf 87' lang='lat' dir='ltr'><strong>ecelesia</strong></span> <span class='ocrx_word' id='word_1_279' title='bbox 1412 3560 1486 3606; x_wconf 89' lang='lat' dir='ltr'><strong>oon·</strong></span> 
     </span>
     <span class='ocr_line' id='line_1_31' title="bbox 355 3643 1520 3730; baseline -0.008 -15"><span class='ocrx_word' id='word_1_280' title='bbox 355 3648 469 3715; x_wconf 87' lang='lat' dir='ltr'><strong>stitute</strong></span> <span class='ocrx_word' id='word_1_281' title='bbox 492 3647 543 3730; x_wconf 91' lang='lat' dir='ltr'><strong>sit,</strong></span> <span class='ocrx_word' id='word_1_282' title='bbox 571 3647 624 3713; x_wconf 90' lang='lat' dir='ltr'><strong>ubi</strong></span> <span class='ocrx_word' id='word_1_283' title='bbox 651 3646 827 3729; x_wconf 88' lang='lat' dir='ltr'><strong>praesident</strong></span> <span class='ocrx_word' id='word_1_284' title='bbox 851 3648 983 3711; x_wconf 87' lang='lat' dir='ltr'><strong>maiores</strong></span> <span class='ocrx_word' id='word_1_285' title='bbox 1008 3648 1085 3711; x_wconf 88' lang='lat' dir='ltr'><strong>natu</strong></span> <span class='ocrx_word' id='word_1_286' title='bbox 1110 3646 1164 3726; x_wconf 89' lang='lat' dir='ltr'><strong>qui</strong></span> <span class='ocrx_word' id='word_1_287' title='bbox 1189 3645 1221 3708; x_wconf 92' lang='lat' dir='ltr'><strong>et</strong></span> <span class='ocrx_word' id='word_1_288' title='bbox 1244 3643 1432 3725; x_wconf 83' lang='lat' dir='ltr'><strong>baptizandi</strong></span> <span class='ocrx_word' id='word_1_289' title='bbox 1457 3653 1520 3709; x_wconf 72' lang='lat' dir='ltr'><strong>eto</strong></span> 
     </span>
    </p>
   </div>
   <div class='ocr_carea' id='block_1_3' title="bbox 355 3830 1488 4158">
    <p class='ocr_par' dir='ltr' id='par_1_7' title="bbox 355 3830 1488 4158">
     <span class='ocr_line' id='line_1_32' title="bbox 407 3830 1488 3903; baseline -0.005 -14"><span class='ocrx_word' id='word_1_290' title='bbox 407 3835 424 3889; x_wconf 87' lang='lat'><strong>3</strong></span> <span class='ocrx_word' id='word_1_291' title='bbox 437 3850 505 3903; x_wconf 87' lang='lat' dir='ltr'><strong>quae</strong></span> <span class='ocrx_word' id='word_1_292' title='bbox 516 3834 588 3899; x_wconf 77' lang='grc' dir='ltr'><strong>ΕἿ,</strong></span> <span class='ocrx_word' id='word_1_293' title='bbox 601 3834 649 3903; x_wconf 92' lang='lat' dir='ltr'><strong>qni</strong></span> <span class='ocrx_word' id='word_1_294' title='bbox 661 3833 732 3903; x_wconf 80' lang='lat' dir='ltr'><strong>E&#39;Q</strong></span> <span class='ocrx_word' id='word_1_295' title='bbox 869 3836 992 3886; x_wconf 89' lang='lat' dir='ltr'><strong>asserunt</strong></span> <span class='ocrx_word' id='word_1_296' title='bbox 1004 3834 1056 3895; x_wconf 64' lang='grc' dir='ltr'><strong>ΕΙ,</strong></span> <span class='ocrx_word' id='word_1_297' title='bbox 1069 3831 1190 3885; x_wconf 84' lang='lat' dir='ltr'><strong>adscrint</strong></span> <span class='ocrx_word' id='word_1_298' title='bbox 1205 3830 1229 3900; x_wconf 92' lang='lat' dir='ltr'><em>Q</em></span> <span class='ocrx_word' id='word_1_299' title='bbox 1373 3830 1388 3882; x_wconf 74' lang='lat' dir='ltr'><strong>i</strong></span> <span class='ocrx_word' id='word_1_300' title='bbox 1405 3830 1488 3899; x_wconf 85' lang='lat' dir='ltr'><strong>qnod]</strong></span> 
     </span>
     <span class='ocr_line' id='line_1_33' title="bbox 355 3914 1459 3990; baseline -0.005 -16"><span class='ocrx_word' id='word_1_301' title='bbox 355 3921 425 3990; x_wconf 85' lang='lat' dir='ltr'><strong>quod</strong></span> <span class='ocrx_word' id='word_1_302' title='bbox 438 3920 472 3975; x_wconf 86' lang='lat' dir='ltr'><strong>ad</strong></span> <span class='ocrx_word' id='word_1_303' title='bbox 485 3920 529 3976; x_wconf 84' lang='lat' dir='ltr'><strong>Eo</strong></span> <span class='ocrx_word' id='word_1_304' title='bbox 620 3920 637 3973; x_wconf 88' lang='lat'>8</span> <span class='ocrx_word' id='word_1_305' title='bbox 649 3918 774 3973; x_wconf 88' lang='lat' dir='ltr'><strong>debemus</strong></span> <span class='ocrx_word' id='word_1_306' title='bbox 790 3918 813 3988; x_wconf 92' lang='lat' dir='ltr'><em>Q</em></span> <span class='ocrx_word' id='word_1_307' title='bbox 904 3919 921 3971; x_wconf 83' lang='grc'>9</span> <span class='ocrx_word' id='word_1_308' title='bbox 933 3914 1020 3987; x_wconf 61' lang='lat' dir='ltr'><strong>quisq.</strong></span> <span class='ocrx_word' id='word_1_309' title='bbox 1038 3916 1061 3987; x_wconf 88' lang='lat' dir='ltr'><em>Q</em></span> <span class='ocrx_word' id='word_1_310' title='bbox 1072 3917 1144 3986; x_wconf 86' lang='lat' dir='ltr'><strong>(quis</strong></span> <span class='ocrx_word' id='word_1_311' title='bbox 1156 3917 1202 3985; x_wconf 83' lang='grc' dir='ltr'><strong>Μ)</strong></span> <span class='ocrx_word' id='word_1_312' title='bbox 1289 3916 1323 3969; x_wconf 89' lang='grc'><strong>13</strong></span> <span class='ocrx_word' id='word_1_313' title='bbox 1334 3918 1414 3969; x_wconf 86' lang='lat' dir='ltr'><strong>tenet</strong></span> <span class='ocrx_word' id='word_1_314' title='bbox 1426 3916 1459 3969; x_wconf 83' lang='grc' dir='ltr'><strong>Ε·</strong></span> 
     </span>
     <span class='ocr_line' id='line_1_34' title="bbox 355 4001 1456 4077; baseline -0.005 -17"><span class='ocrx_word' id='word_1_315' title='bbox 355 4006 470 4075; x_wconf 86' lang='lat' dir='ltr'><strong>quadarn</strong></span> <span class='ocrx_word' id='word_1_316' title='bbox 484 4007 508 4077; x_wconf 92' lang='lat' dir='ltr'><em>Q</em></span> <span class='ocrx_word' id='word_1_317' title='bbox 602 4006 635 4060; x_wconf 88' lang='lat'><strong>14</strong></span> <span class='ocrx_word' id='word_1_318' title='bbox 646 4006 865 4075; x_wconf 87' lang='lat' dir='ltr'><strong>phantasmatao</strong></span> <span class='ocrx_word' id='word_1_319' title='bbox 958 4005 1019 4073; x_wconf 88' lang='lat' dir='ltr'><strong>qno]</strong></span> <span class='ocrx_word' id='word_1_320' title='bbox 1032 4020 1126 4072; x_wconf 84' lang='lat' dir='ltr'><strong>quoae</strong></span> <span class='ocrx_word' id='word_1_321' title='bbox 1221 4002 1416 4057; x_wconf 66' lang='lat' dir='ltr'><strong>macritatem</strong></span> <span class='ocrx_word' id='word_1_322' title='bbox 1432 4001 1456 4072; x_wconf 89' lang='lat' dir='ltr'><em>Q</em></span> 
     </span>
     <span class='ocr_line' id='line_1_35' title="bbox 357 4088 1488 4158; baseline -0.004 -13"><span class='ocrx_word' id='word_1_323' title='bbox 357 4092 389 4146; x_wconf 88' lang='lat'><strong>18</strong></span> <span class='ocrx_word' id='word_1_324' title='bbox 402 4108 445 4145; x_wconf 86' lang='lat' dir='ltr'><strong>eos</strong></span> <span class='ocrx_word' id='word_1_325' title='bbox 459 4092 533 4145; x_wconf 80' lang='lat' dir='ltr'><strong>laed</strong></span> <span class='ocrx_word' id='word_1_326' title='bbox 544 4108 566 4146; x_wconf 84' lang='lat' dir='ltr'><strong>s.</strong></span> <span class='ocrx_word' id='word_1_327' title='bbox 579 4092 596 4145; x_wconf 85' lang='lat' dir='ltr'><strong>l.</strong></span> <span class='ocrx_word' id='word_1_328' title='bbox 609 4092 652 4145; x_wconf 89' lang='lat' dir='ltr'><strong>uel</strong></span> <span class='ocrx_word' id='word_1_329' title='bbox 665 4108 694 4146; x_wconf 86' lang='lat' dir='ltr'><strong>ac</strong></span> <span class='ocrx_word' id='word_1_330' title='bbox 828 4092 861 4145; x_wconf 89' lang='lat'><strong>19</strong></span> <span class='ocrx_word' id='word_1_331' title='bbox 872 4091 959 4145; x_wconf 86' lang='lat' dir='ltr'><strong>teneri</strong></span> <span class='ocrx_word' id='word_1_332' title='bbox 971 4090 1007 4144; x_wconf 85' lang='lat' dir='ltr'><em>M</em></span> <span class='ocrx_word' id='word_1_333' title='bbox 1018 4094 1117 4156; x_wconf 86' lang='lat' dir='ltr'><strong>(tenere</strong></span> <span class='ocrx_word' id='word_1_334' title='bbox 1134 4088 1167 4158; x_wconf 91' lang='lat' dir='ltr'><strong>Q)</strong></span> <span class='ocrx_word' id='word_1_335' title='bbox 1297 4103 1378 4157; x_wconf 89' lang='lat' dir='ltr'><strong>posse</strong></span> <span class='ocrx_word' id='word_1_336' title='bbox 1390 4089 1416 4152; x_wconf 86' lang='lat' dir='ltr'><strong>I,</strong></span> <span class='ocrx_word' id='word_1_337' title='bbox 1428 4104 1488 4157; x_wconf 85' lang='lat' dir='ltr'><strong>pos-</strong></span> 
     </span>
    </p>
   </div>
   <div class='ocr_carea' id='block_1_4' title="bbox 353 4174 1494 4505">
    <p class='ocr_par' dir='ltr' id='par_1_8' title="bbox 353 4174 1494 4419">
     <span class='ocr_line' id='line_1_36' title="bbox 356 4174 1494 4247; baseline -0.002 -16"><span class='ocrx_word' id='word_1_338' title='bbox 356 4178 412 4231; x_wconf 87' lang='lat' dir='ltr'><strong>sint</strong></span> <span class='ocrx_word' id='word_1_339' title='bbox 423 4176 478 4246; x_wconf 85' lang='lat' dir='ltr'><strong>EQ</strong></span> <span class='ocrx_word' id='word_1_340' title='bbox 489 4184 516 4232; x_wconf 83' lang='lat' dir='ltr'><strong>et</strong></span> <span class='ocrx_word' id='word_1_341' title='bbox 527 4194 548 4231; x_wconf 85' lang='lat' dir='ltr'><strong>e.</strong></span> <span class='ocrx_word' id='word_1_342' title='bbox 561 4178 612 4231; x_wconf 79' lang='lat' dir='ltr'><strong>d]</strong></span> <span class='ocrx_word' id='word_1_343' title='bbox 744 4176 825 4247; x_wconf 85' lang='lat' dir='ltr'><strong>flliQ</strong></span> <span class='ocrx_word' id='word_1_344' title='bbox 961 4176 1152 4245; x_wconf 65' lang='lat' dir='ltr'><strong>mostaffigar</strong></span> <span class='ocrx_word' id='word_1_345' title='bbox 1165 4174 1241 4244; x_wconf 81' lang='lat' dir='ltr'><strong>ElQ</strong></span> <span class='ocrx_word' id='word_1_346' title='bbox 1255 4175 1312 4244; x_wconf 82' lang='lat' dir='ltr'><strong>(uel</strong></span> <span class='ocrx_word' id='word_1_347' title='bbox 1323 4174 1494 4243; x_wconf 59' lang='lat' dir='ltr'><strong>confrigel</strong></span> 
     </span>
     <span class='ocr_line' id='line_1_37' title="bbox 353 4244 1490 4332; baseline -0.002 -15"><span class='ocrx_word' id='word_1_348' title='bbox 353 4280 375 4317; x_wconf 90' lang='lat' dir='ltr'><strong>s.</strong></span> <span class='ocrx_word' id='word_1_349' title='bbox 389 4264 417 4325; x_wconf 88' lang='lat' dir='ltr'><strong>l.)</strong></span> <span class='ocrx_word' id='word_1_350' title='bbox 553 4264 587 4318; x_wconf 89' lang='grc'><strong>21</strong></span> <span class='ocrx_word' id='word_1_351' title='bbox 600 4265 664 4332; x_wconf 85' lang='lat' dir='ltr'><strong>quis</strong></span> <span class='ocrx_word' id='word_1_352' title='bbox 681 4280 729 4317; x_wconf 91' lang='lat' dir='ltr'><strong>nec</strong></span> <span class='ocrx_word' id='word_1_353' title='bbox 747 4263 874 4331; x_wconf 89' lang='lat' dir='ltr'><strong>spiritum</strong></span> <span class='ocrx_word' id='word_1_354' title='bbox 892 4263 1015 4317; x_wconf 82' lang='lat' dir='ltr'><strong>sanctum</strong></span> <span class='ocrx_word' id='word_1_355' title='bbox 1031 4264 1137 4331; x_wconf 80' lang='lat' dir='ltr'><strong>scripsi,</strong></span> <span class='ocrx_word' id='word_1_356' title='bbox 1159 4278 1241 4331; x_wconf 91' lang='lat' dir='ltr'><strong>qnam</strong></span> <span class='ocrx_word' id='word_1_357' title='bbox 1255 4244 1315 4316; x_wconf 55' lang='lat' dir='ltr'><strong>scm</strong></span> <span class='ocrx_word' id='word_1_358' title='bbox 1328 4260 1422 4331; x_wconf 72' lang='lat' dir='ltr'><strong>MQ1,</strong></span> <span class='ocrx_word' id='word_1_359' title='bbox 1443 4278 1490 4315; x_wconf 82' lang='lat' dir='ltr'><strong>nec</strong></span> 
     </span>
     <span class='ocr_line' id='line_1_38' title="bbox 354 4333 1458 4419; baseline 0 -17"><span class='ocrx_word' id='word_1_360' title='bbox 354 4333 416 4403; x_wconf 65' lang='lat' dir='ltr'><strong>effi</strong></span> <span class='ocrx_word' id='word_1_361' title='bbox 426 4349 473 4419; x_wconf 56' lang='grc' dir='ltr'><strong>Οἱ,</strong></span> <span class='ocrx_word' id='word_1_362' title='bbox 494 4366 542 4403; x_wconf 94' lang='lat' dir='ltr'><strong>nec</strong></span> <span class='ocrx_word' id='word_1_363' title='bbox 553 4349 606 4413; x_wconf 84' lang='lat' dir='ltr'><strong>EI,</strong></span> <span class='ocrx_word' id='word_1_364' title='bbox 627 4366 676 4403; x_wconf 90' lang='lat' dir='ltr'><strong>nec</strong></span> <span class='ocrx_word' id='word_1_365' title='bbox 688 4349 816 4419; x_wconf 88' lang='lat' dir='ltr'><strong>spiritum</strong></span> <span class='ocrx_word' id='word_1_366' title='bbox 828 4352 951 4403; x_wconf 89' lang='lat' dir='ltr'><strong>sanctum</strong></span> <span class='ocrx_word' id='word_1_367' title='bbox 962 4368 979 4404; x_wconf 89' lang='lat' dir='ltr'><strong>o</strong></span> <span class='ocrx_word' id='word_1_368' title='bbox 990 4364 1025 4402; x_wconf 79' lang='lat' dir='ltr'><strong>cx</strong></span> <span class='ocrx_word' id='word_1_369' title='bbox 1037 4348 1152 4403; x_wconf 75' lang='lat' dir='ltr'><strong>Ccucbs&#39;i</strong></span> <span class='ocrx_word' id='word_1_370' title='bbox 1163 4349 1242 4415; x_wconf 61' lang='grc' dir='ltr'><strong>συνῆ,-</strong></span> <span class='ocrx_word' id='word_1_371' title='bbox 1263 4347 1300 4413; x_wconf 74' lang='lat' dir='ltr'><strong>cs.</strong></span> <span class='ocrx_word' id='word_1_372' title='bbox 1311 4364 1341 4416; x_wconf 83' lang='lat' dir='ltr'><strong>p.</strong></span> <span class='ocrx_word' id='word_1_373' title='bbox 1354 4350 1458 4415; x_wconf 67' lang='grc' dir='ltr'><strong>815μό</strong></span> 
     </span>
    </p>

    <p class='ocr_par' dir='ltr' id='par_1_9' title="bbox 355 4433 1492 4505">
     <span class='ocr_line' id='line_1_39' title="bbox 355 4433 1492 4505; baseline 0 -16"><span class='ocrx_word' id='word_1_374' title='bbox 355 4435 390 4489; x_wconf 82' lang='grc'><strong>24</strong></span> <span class='ocrx_word' id='word_1_375' title='bbox 401 4435 488 4504; x_wconf 89' lang='lat' dir='ltr'><strong>prisca</strong></span> <span class='ocrx_word' id='word_1_376' title='bbox 500 4434 555 4505; x_wconf 86' lang='lat' dir='ltr'><strong>EQ</strong></span> <span class='ocrx_word' id='word_1_377' title='bbox 649 4436 684 4489; x_wconf 81' lang='grc'><strong>25</strong></span> <span class='ocrx_word' id='word_1_378' title='bbox 696 4435 742 4489; x_wconf 89' lang='lat' dir='ltr'><strong>sed</strong></span> <span class='ocrx_word' id='word_1_379' title='bbox 754 4435 865 4489; x_wconf 88' lang='lat' dir='ltr'><strong>terroris</strong></span> <span class='ocrx_word' id='word_1_380' title='bbox 880 4434 903 4505; x_wconf 97' lang='lat' dir='ltr'><em>Q</em></span> <span class='ocrx_word' id='word_1_381' title='bbox 996 4436 1031 4490; x_wconf 82' lang='lat'><strong>26</strong></span> <span class='ocrx_word' id='word_1_382' title='bbox 1042 4433 1183 4505; x_wconf 87' lang='lat' dir='ltr'><strong>prophetia</strong></span> <span class='ocrx_word' id='word_1_383' title='bbox 1198 4434 1222 4503; x_wconf 91' lang='lat' dir='ltr'><em>Q</em></span> <span class='ocrx_word' id='word_1_384' title='bbox 1315 4433 1351 4487; x_wconf 87' lang='grc'><strong>28</strong></span> <span class='ocrx_word' id='word_1_385' title='bbox 1362 4434 1390 4487; x_wconf 88' lang='lat' dir='ltr'><strong>si</strong></span> <span class='ocrx_word' id='word_1_386' title='bbox 1401 4448 1453 4489; x_wconf 71' lang='lat' dir='ltr'><strong>om.</strong></span> <span class='ocrx_word' id='word_1_387' title='bbox 1469 4434 1492 4504; x_wconf 86' lang='lat' dir='ltr'><em>Q</em></span> 
     </span>
    </p>
   </div>
   <div class='ocr_carea' id='block_1_5' title="bbox 0 0 1629 5159">
    <p class='ocr_par' dir='ltr' id='par_1_10' title="bbox 0 0 1629 5159">
     <span class='ocr_line' id='line_1_40' title="bbox 0 0 1629 5159; baseline 0 0"><span class='ocrx_word' id='word_1_388' title='bbox 0 0 1629 5159; x_wconf 95' lang='lat' dir='ltr'><strong> </strong></span> 
     </span>
    </p>
   </div>
  </div>
 </body>
</html>
