3242 5159
603 554 651 610 Ad
671 556 837 611 Donatum
854 556 1007 614 610-12.
1319 561 1361 625 13

182 732 188 741 ·
225 710 355 777 fallendi
378 730 486 797 sapore
508 712 662 778 medicato
684 712 830 797 poculum
852 712 978 778 uidetur
999 731 1080 789 esse,
1103 713 1185 795 quod
1207 713 1361 779 sumitur:

224 814 280 879 nbi
296 816 385 898 epota
399 834 448 881 ros
463 816 525 893 est,
541 816 691 898 pernicies
705 816 818 881 hausta
832 816 1000 899 grassatur.
1023 815 1136 899 quippe
1151 815 1244 880 illum
1258 815 1363 894 uides,

226 918 280 1001 qui
302 919 421 983 amictu
443 918 571 984 clariore
594 920 774 1001 conspicuus
795 916 916 1003 fulgere
937 918 998 984 sibi
1020 919 1146 984 uidetur
1159 918 1193 983 in
1207 936 1361 1000 purpura:

226 1020 339 1103 quibus
353 1023 411 1087 hoe
425 1021 567 1087 sordibus
588 1022 682 1103 emit,
705 1024 742 1087 ut
764 1021 900 1107 fulgeat,
923 1039 999 1104 quos
1021 1023 1241 1107 adrogantium
1262 1022 1362 1087 fastus

204 1123 312 1207 uprius
336 1124 482 1208 pertulit,
506 1140 582 1207 quas
604 1125 751 1207 superbas
771 1124 851 1189 fores
866 1125 1041 1190 matutinus
1061 1126 1214 1190 salutator
1229 1123 1361 1202 obsedit,

226 1227 301 1310 quot
329 1228 519 1294 tumentium
552 1228 774 1294 contumeliosa
801 1228 936 1313 uestigia
969 1228 1103 1311 stipatus
1137 1228 1170 1294 in
1200 1227 1363 1293 clientium

227 1348 337 1395 cuneos
359 1332 431 1396 ante
452 1332 632 1416 praecessit,
657 1331 693 1397 ut
714 1332 818 1414 ipsum
840 1333 936 1397 etiam
958 1332 1131 1397 salutatum
1152 1350 1255 1398 comes
1275 1332 1364 1414 post-

226 1434 355 1499 modum
380 1452 493 1519 pompa
512 1436 720 1519 praecederet,
744 1436 874 1502 obnoxia
898 1453 959 1501 non
981 1436 1101 1502 homini
1123 1436 1176 1501 sed
1203 1435 1363 1520 potestati.

227 1538 423 1621 nequeenim
448 1538 508 1604 coli
530 1539 670 1604 moribus
692 1539 808 1604 meruit
822 1539 876 1604 ille
898 1539 952 1603 sed
973 1538 1119 1605 fascibus.
1141 1539 1253 1604 horum
1276 1538 1363 1603 deni-

193 1659 219 1699 ιο
228 1659 287 1723 que
299 1641 405 1707 uideas
419 1641 520 1708 exitus
532 1642 646 1724 turpes.
663 1660 854 1725 cumauceps
865 1645 1042 1725 temporum
1052 1643 1194 1726 palpator
1204 1640 1364 1719 abscessit,

229 1762 300 1809 cum
314 1744 432 1826 priuati
446 1744 529 1810 latus
543 1745 663 1811 nudum
674 1746 811 1811 desertor
822 1745 945 1811 adsecls
955 1745 1110 1811 foedauit:
1126 1747 1202 1810 tunc
1212 1744 1364 1810 laceratae

229 1846 339 1912 domus
352 1848 465 1933 plagae
480 1848 699 1915 conscientiam
714 1848 845 1929 feriunt,
868 1852 944 1915 tunc
958 1850 1003 1915 rei
1016 1848 1184 1915 familiaris
1198 1849 1366 1913 exhaustae

229 1950 342 2016 damna
355 1952 532 2031 noscuntur,
549 1952 663 2036 quibus
677 1952 856 2039 redemptus
871 1952 960 2019 fauor
975 1953 1065 2038 uulgi
1080 1954 1111 2018 61
1126 1952 1251 2018 caducis
1265 1952 1365 2033 adque

229 2053 374 2119 inanibus
388 2054 470 2119 uotis
485 2054 642 2138 popularis
657 2073 734 2121 aure
748 2056 888 2139 quaesita
902 2057 958 2121 est.
983 2056 1082 2121 stulta
1101 2073 1224 2139 prorsus
1238 2047 1271 2121 et
1285 2073 1363 2119 nana

196 2155 365 2236 reiectura,
388 2156 567 2223 frustramis
582 2158 751 2242 spectaculi
765 2159 926 2243 uoluptate
940 2158 975 2223 id
987 2177 1095 2242 parare
1110 2160 1261 2238 noluisse,
1284 2158 1366 2241 quod

229 2280 285 2327 nec
299 2260 431 2344 populus
447 2260 600 2343 acciperet
614 2261 646 2325 et
660 2262 801 2344 perderet
815 2262 1030 2347 magistratm.

272 2362 332 2430 Sed
346 2366 378 2430 61
392 2382 468 2449 quos
483 2364 599 2430 diuites
613 2364 747 2447 opinaris
769 2367 984 2431 continuantes
1003 2366 1138 2431 saltibus
1153 2365 1254 2431 saltus
1275 2366 1307 2429 ot
1327 2364 1365 2428 de
1378 2370 1417 2435 12

231 2466 359 2534 confinio
374 2468 561 2553 paupenbus
576 2467 706 2533 exclusis
721 2468 845 2534 infinita
865 2488 902 2535 ac
923 2470 989 2535 sine
1011 2469 1154 2535 terminis
1175 2488 1251 2533 rura·
1270 2468 1365 2533 latius

230 2571 431 2656 porrigentes,
444 2571 557 2655 quibus
566 2572 687 2656 argenti
695 2574 727 2638 61
734 2572 801 2637 auri
813 2574 985 2638 maximum
992 2573 1112 2655 pondus
1123 2575 1156 2638 61
1166 2570 1366 2655 pecuniarum

196 2674 406 2759 pingentium
416 2674 468 2740 uel
479 2675 628 2740 exstructi
638 2694 766 2759 aggeres
778 2675 830 2741 uel
842 2675 980 2742 defossae
990 2676 1099 2753 strues,
1111 2675 1167 2740 hos
1179 2674 1275 2741 etiam
1285 2674 1368 2740 inter

230 2775 359 2842 diuitias
374 2794 445 2843 suas
459 2777 595 2860 trepidos
610 2778 807 2863 cogitationis
827 2767 962 2845 incertae
984 2777 1163 2845 sollicitudo
1186 2776 1366 2855 discruciat,

229 2898 268 2946 ue
281 2879 395 2963 praedo
409 2881 527 2960 uastat,
542 2898 581 2947 ne
596 2898 756 2964 percussor
770 2880 907 2961 infestet,
922 2902 961 2948 ne
974 2882 1104 2948 inimica
1118 2881 1265 2964 cuiusque
1280 2881 1368 2946 locu·

229 2983 370 3067 pletioris
393 2983 512 3049 inuidia
534 2984 734 3051 calumniosis
756 2985 867 3051 litibus
892 2986 1052 3070 inquietet.
1075 3004 1135 3051 non
1157 2985 1244 3051 cibus
1259 3002 1367 3050 securo

230 3104 396 3153 somnusue
410 3087 572 3172 contingit,
588 3088 725 3170 suspirat
747 3088 801 3155 ille
816 3090 850 3154 in
865 3090 1022 3169 conuiuio,
1039 3090 1128 3155 bibat
1142 3089 1217 3154 11661
1231 3106 1367 3172 gemma,

195 3208 221 3250 66
230 3192 262 3255 61
276 3209 349 3255 cum
363 3190 464 3275 epulis
484 3190 659 3257 marcidum
680 3209 790 3274 corpus
804 3194 892 3259 torus
906 3194 1032 3260 mollior
1045 3194 1110 3259 alto
1125 3193 1196 3258 sinu
1218 3192 1369 3271 condidit,

230 3293 345 3379 uigilet
359 3293 392 3360 in
406 3294 514 3377 pluma
527 3312 584 3361 nec
596 3294 756 3380 intellegit
766 3296 879 3375 miser,
894 3298 1031 3380 speciosa
1045 3296 1108 3361 sibi
1122 3314 1189 3362 esse
1204 3296 1369 3380 supplicia,

127 3352 151 3395 ⁰
230 3414 304 3463 auno
319 3414 352 3463 se
366 3397 533 3483 alligatum
546 3398 644 3464 teneri
666 3398 698 3462 et
719 3398 871 3483 possideri
892 3400 1004 3485 magis,
1020 3418 1114 3485 quam
1135 3396 1370 3487 6666116160ἰί-

282 3599 298 3657 1
318 3598 388 3668 quod
401 3598 481 3655 Sscd
493 3598 511 3653 d
524 3616 559 3655 m.
572 3602 593 3655 2
644 3600 663 3659 2
682 3602 762 3672 epota
772 3618 816 3657 res
828 3604 871 3657 661
880 3601 944 3667 SW,
963 3602 1074 3673 epotata
1091 3618 1134 3658 res
1146 3607 1189 3658 est
1200 3604 1256 3668 Pr,
1275 3604 1368 3673 epota·

228 3684 301 3739 neris
312 3686 355 3740 661
371 3688 509 3755 epotntmn
522 3688 593 3742 esto
658 3686 864 3757 equoann,
883 3687 953 3757 quod
976 3689 1046 3744 SW¹
1103 3689 1282 3759 stipatusonu
1301 3705 1317 3743 r

229 3770 245 3825 7
263 3771 355 3825 cuneis
367 3772 411 3827 Po
422 3772 552 3842 (stipatus
564 3773 597 3827 cl.
610 3775 701 3828 cuneis
713 3774 815 3829 moluit
825 3774 1000 3845 Krobicpcr,
1027 3777 1132 3842 confert
1151 3790 1207 3829 aon
1226 3782 1297 3830 66616
1308 3776 1370 3845 po

228 3856 247 3913 1.
262 3856 310 3927 16)
372 3858 551 3914 salutantium
562 3858 700 3914 06666666
764 3858 802 3916 10
819 3876 916 3930 auceps
934 3860 1004 3925 WP,
1022 3876 1128 3930 amceps
1141 3860 1173 3925 S,
1192 3877 1317 3930 ancepsr

229 3941 263 3999 11
284 3942 426 3998 ndsaecnla
440 3943 500 3999 SW
549 3944 759 4014 1666666161)
818 3946 855 4005 15
873 3946 1017 4000 maeotis
1041 3946 1074 4001 8¹
1125 3946 1166 4004 20
1182 3946 1320 4003 estruesS

228 4026 268 4085 23
286 4044 422 4084 securuso
468 4029 508 4087 24
525 4030 644 4100 contigit
661 4030 708 4085 W¹
764 4032 880 4101 gemma]
893 4048 1013 4101 gemmas
1023 4032 1162 4103 1116611166
1166 4053 1177 4101 ;
1188 4017 1248 4101 cfr.
1263 4032 1370 4103 7666611

233 4112 331 4184 carp.
345 4116 388 4170 II.
401 4118 476 4171 506.-
493 4118 526 4170 ut
547 4132 654 4186 gemma
676 4114 754 4171 bibat
766 4123 792 4171 61
805 4118 882 4173 Ptin.
895 4119 920 4171 11.
930 4134 959 4172 rs
972 4116 1126 4175 XXXIII.
1139 4121 1157 4174 5
1221 4118 1261 4178 25
1279 4118 1369 4173 condi·

228 4199 325 4257 derito
388 4202 427 4259 26
446 4202 562 4273 suplicia
575 4203 608 4268 S,
637 4202 770 4273 subplitia
792 4204 820 4258 P
882 4203 922 4261 27
941 4204 1070 4260 616610
1129 4204 1263 4274 possidere
1280 4205 1370 4274 magis

228 4303 310 4358 quum
320 4288 452 4360 possideri
464 4290 577 4345 diuitias
590 4292 657 4346 coni.
677 4290 840 4345 Groewuim
859 4292 876 4345 1.
889 4311 909 4345 e.
920 4308 951 4360 p.
964 4294 1024 4346 264
1085 4291 1200 4347 diuitias
1213 4291 1309 4356 SWP,
1327 4291 1370 4346 di·

227 4374 313 4429 uitias
325 4377 406 4444 atque
417 4390 480 4445 opes
492 4393 521 4441 c;
530 4377 612 4431 6666616
623 4392 671 4446 epo
683 4376 786 4431 16161661
795 4378 857 4443 (cfr.
868 4377 945 4432 Plisa
958 4378 975 4431 1.
988 4378 1044 4432 IX.
1058 4378 1136 4446 epist.
1149 4380 1203 4432 30.-
1220 4393 1253 4432 66
1264 4378 1369 4432 inuasit

227 4458 350 4515 homines
373 4460 491 4516 habendi
516 4461 625 4532 cupido,
656 4464 688 4516 ut
707 4462 839 4532 possideri
856 4464 944 4533 magis
962 4478 1044 4533 quam
1067 4462 1203 4533 possidere
1223 4462 1370 4519 uideantur

234 4546 317 4618 Oppr.
341 4546 377 4603 dc
396 4547 484 4617 lapsis
504 4552 589 4604 6126
608 4547 747 4619 possidere
766 4564 794 4603 se
815 4548 929 4604 credunt
952 4549 999 4620 qui
1015 4549 1108 4623 potius
1134 4548 1315 4621 possidentur)
