3242 5159
547 445 707 572 Epistula
722 500 899 556 nx.-nxr.
1002 559 1007 568 ,
1220 503 1284 568 695

160 661 424 744 deprecationibus
454 659 575 725 crebris.
606 660 682 723 haee
706 659 780 723 sunt
805 657 888 722 enim
913 657 1001 721 nobis
1027 675 1114 723 arma
1140 656 1285 723 caelestia

161 784 239 848 quae
260 766 342 830 stare
357 765 389 829 et
403 778 598 846 perseuerare
618 761 741 827 fortiter
762 761 889 826 iaciunt.
912 761 989 825 haec
1003 760 1076 825 sunt
1090 760 1286 856 munimenta

160 868 316 951 spiritalia
331 869 362 932 et
377 868 441 932 tela
456 867 563 932 diuina
579 885 657 948 quae
672 867 850 949 protegunt.
872 882 1023 929 memores
1037 864 1135 929 nostri
1149 865 1284 930 inuicem

162 972 269 1049 simne,
293 971 453 1036 concordes
475 971 574 1052 adque
596 970 766 1048 unanimes,
791 969 960 1050 utrubique
982 986 1037 1050 pro
1058 968 1147 1032 nobis
1167 986 1287 1051 semper

142 1061 295 1152 curemus,
318 1092 475 1155 pressuras
491 1075 522 1138 et
537 1074 696 1158 augustias
720 1072 831 1136 mutua
852 1071 983 1136 caritate
1004 1071 1188 1150 releuemus‚
1212 1073 1245 1136 ot
1258 1071 1287 1136 si

161 1179 230 1261 quis
252 1178 344 1242 istinc
365 1177 504 1242 nostrum
524 1176 608 1258 prior
628 1176 752 1240 diuinae
768 1175 958 1259 dignationis
973 1174 1132 1240 ostentate
1145 1192 1287 1256 praeces·

135 1321 140 1334 =
160 1283 245 1359 serit,
266 1281 441 1364 perseueret
461 1280 544 1362 apud
558 1280 729 1344 Dominum
743 1280 848 1343 nostra
862 1273 997 1358 dilectio,
1019 1295 1074 1360 pro
1089 1277 1240 1342 fratribus
1254 1279 1287 1342 et

161 1385 316 1451 sororibus
342 1383 456 1449 nostris
482 1384 563 1466 apud
589 1383 834 1448 misericordiam
856 1383 954 1466 patris
976 1401 1035 1447 non
1058 1384 1156 1448 cesset
1179 1381 1287 1446 oratio.

162 1491 234 1573 opto
248 1490 289 1567 te,
305 1488 402 1576 frater
416 1486 584 1565 carissime,
600 1505 720 1568 semper
734 1487 811 1552 bone
828 1486 939 1551 ualere.

7 1769 10 1794 ²
128 1868 154 1906 ω
357 1765 1000 1890 ‘nersnunnnnn

325 1982 527 2038 CYPRIANVS
549 1982 623 2038 CVM
642 1983 814 2040 COLLEGIS
831 1984 938 2040 Lucro
956 1983 1090 2038 FRATRI
1108 1983 1134 2036 S.

206 2155 247 2218 Et
262 2175 359 2239 nuper
373 2157 499 2239 quidem
514 2156 583 2236 tibi,
599 2157 695 2222 frater
716 2158 885 2236 carissime,
907 2157 1058 2240 gratulati
1079 2174 1196 2234 sumus,
1218 2162 1314 2224 euml

163 2261 195 2323 te
209 2258 322 2324 honore
336 2261 494 2344 geminato
510 2260 542 2325 in
558 2261 704 2326 ecclesiae
719 2279 793 2326 suae
804 2261 1072 2325 administratione
1085 2258 1289 2325 confessorem

162 2365 279 2446 pariter
294 2365 325 2428 et
339 2364 530 2434 sacerdotem
550 2364 713 2429 constituit
727 2363 835 2428 diuina
850 2364 997 2442 dignatio.
1020 2361 1074 2428 sed
1089 2365 1121 2427 et
1134 2382 1216 2428 nunc
1229 2382 1289 2428 non

129 2494 154 2532 rs
165 2467 269 2532 minus
285 2467 343 2532 tibi
359 2469 391 2531 ot
405 2467 571 2532 comitibus
586 2467 649 2532 tuis
663 2467 762 2549 adque
786 2467 947 2531 uniuersae
969 2467 1160 2531 fraternitati
1182 2467 1289 2551 gratu·

162 2571 265 2636 lemur
289 2570 462 2652 quodcum
484 2571 590 2635 eadem
613 2571 713 2655 gloria
736 2574 768 2636 et
792 2570 938 2636 laudibus
958 2571 1071 2635 nestris
1093 2571 1219 2635 reduces
1235 2587 1289 2634 uos

162 2674 261 2761 denno
288 2673 326 2738 ad
353 2692 424 2739 suos
450 2673 558 2740 lecerit
582 2674 716 2760 benigna
741 2674 870 2740 Domini
896 2677 928 2739 et
953 2675 1042 2760 larga
1066 2674 1227 2758 protectio,
1254 2676 1291 2738 ut

161 2775 311 2860 pascendo
334 2777 423 2861 gregi
446 2780 552 2859 pastor
566 2779 597 2842 et
613 2779 828 2862 gubemaudae
849 2779 923 2843 naui
945 2778 1132 2862 gubernator
1152 2779 1183 2842 et
1206 2777 1290 2859 plebi

162 2879 311 2964 regendae
331 2881 430 2944 rector
443 2879 622 2947 redderetur
637 2884 669 2946 et
683 2883 843 2964 appareret
858 2881 1078 2967 relegationem
1092 2883 1230 2946 nestram
1244 2881 1290 2946 sic

129 2982 316 3052 rodininitus
332 3001 396 3048 esse
419 2981 612 3066 dispositam,
633 3002 693 3049 non
713 2986 749 3049 ut
771 2985 929 3067 episcopus
951 2985 1107 3069 relegatus
1129 2985 1160 3049 et
1180 2983 1289 3066 pulsus

166 3086 312 3152 ecclesiae
327 3087 455 3170 deesset,
472 3088 526 3153 sed
540 3089 577 3152 ut
591 3089 630 3152 ad
645 3088 806 3154 ecclesiam
821 3089 920 3152 maior
935 3088 1059 3153 rediret.

206 3189 312 3272 Neque
328 3189 411 3256 euim
425 3190 458 3254 in
474 3189 574 3255 tribus
589 3191 695 3274 pueris
711 3192 811 3257 minor
827 3190 889 3256 luit
899 3190 1043 3274 martyrii
1056 3191 1201 3275 dignitas,
1217 3191 1319 3273 quiea

161 3293 260 3356 morte
283 3292 434 3358 frustrata
447 3293 486 3358 de
501 3294 620 3359 camino
636 3294 717 3378 ignis
733 3295 903 3360 incolumes
918 3295 1058 3361 exierunt
1073 3300 1202 3359 autnon
1217 3313 1290 3360 con-

215 3496 230 3548 1
244 3499 307 3550 suut
319 3513 368 3551 om.
386 3497 437 3553 GR
576 3498 769 3552 2monimenta
786 3500 821 3554 0²
962 3498 1128 3568 3spiritalia
1139 3514 1189 3552 orn.
1207 3497 1257 3553 CR

163 3581 367 3636 simomoresT
499 3583 621 3653 dsimns]
635 3599 725 3638 sumus
739 3585 794 3640 LT
924 3585 1050 3640 concorde
1064 3583 1241 3638 excorcorde
1254 3583 1290 3648 R,

164 3668 241 3722 corde
256 3669 281 3722 Τ
365 3667 523 3737 utrubrique
535 3669 570 3734 R,
583 3670 690 3738 utrique
703 3687 737 3725 ea
747 3670 930 3740 utrumquaO
1020 3669 1199 3724 breuelemns
1211 3669 1251 3723 L*

166 3753 258 3808 distic
275 3755 297 3810 0
382 3754 533 3808 caeliritatc
545 3755 574 3811 R
665 3757 680 3809 7
693 3739 751 3810 d‘nl‘
753 3757 779 3810 L
871 3756 997 3811 ductoris
1014 3758 1060 3812 0¹·
1139 3757 1230 3825 tlcpto

162 3841 254 3894 ualere
275 3857 324 3895 om.
342 3841 391 3896 GL
492 3884 494 3895 .
527 3844 555 3896 te
573 3857 607 3896 ex
625 3859 672 3897 uos
685 3845 718 3898 P.
733 3873 765 3883 -
778 3842 821 3897 nd
837 3842 968 3913 (Explicit
986 3843 1070 3910 adP)
1088 3841 1241 3896 Cornelium
1257 3839 1291 3894 de

167 3927 329 3981 confessione
348 3928 404 3982 eius
422 3928 533 3997 explicit
550 3930 612 3996 (om.
627 3929 664 3996 P)
677 3929 739 3994 ΕΡ,
758 3929 800 3984 nd
813 3929 965 3984 Cornelium
976 3929 991 3982 I
1002 3929 1046 3998 (de
1058 3929 1223 3982 confessione
1234 3927 1290 3996 epi·

163 4013 236 4067 stula
254 4014 341 4083 prima
357 4013 389 4083 Q)
408 4015 517 4083 explicit
532 4015 587 4085 Tc,
609 4015 651 4070 nd
663 4016 815 4070 Cornelium
828 4015 890 4070 ·111·
908 4016 1018 4085 explicit
1029 4015 1064 4078 Ra
1086 4015 1205 4084 Explicit
1221 4013 1290 4068 liber

164 4097 225 4152 ·111·
238 4099 321 4154 Oecili
334 4099 461 4169 Cypriani
474 4099 508 4154 ad
520 4101 672 4155 Cornelium
688 4102 717 4157 0.
731 4133 764 4142 -

215 4185 299 4255 Epist.
313 4186 383 4241 LXI.
397 4217 429 4228 -
442 4187 545 4256 Incipit
557 4191 619 4256 (om.
636 4190 671 4256 T)
683 4188 717 4243 ed
728 4188 843 4244 Lucium
856 4188 900 4257 (ad
912 4189 1027 4243 Lucium
1045 4204 1095 4244 ora
1111 4188 1148 4256 L)
1161 4187 1194 4242 de
1210 4187 1291 4241 exilio

163 4286 297 4326 reuersum
310 4273 449 4344 FLPQT.
463 4303 497 4314 -
510 4274 544 4327 13
556 4273 819 4330 administrationem
834 4275 858 4345 Q
986 4275 1020 4328 15
1031 4275 1200 4344 gratulemur
1212 4274 1252 4328 12¹

165 4357 198 4411 16
210 4357 299 4412 eodem
311 4359 342 4412 F
450 4360 557 4415 reduces
570 4363 597 4414 et
612 4361 648 4414 T¹
765 4362 798 4416 19
810 4361 1000 4430 religationem
1012 4360 1046 4426 P,
1059 4361 1217 4430 religionem
1233 4358 1257 4429 Q

163 4443 198 4496 20
209 4443 340 4512 religatur
353 4445 381 4498 P
482 4446 518 4500 22
529 4445 603 4516 quia]
617 4462 671 4515 qua
684 4446 711 4502 L
1226 4459 1232 4472 ·
